3092 5200
417 389 572 463 ·250
1244 446 1269 456 -
1479 389 1799 499 Sopaoells

415 596 508 654 vir
549 595 938 674 doctissimus
985 615 1100 654 nec
1139 595 1514 675 grammatici
1559 597 1744 655 verba
1776 601 1945 656 recte
1974 595 2415 673 interpretatus
2444 611 2585 653 esse
2614 593 2865 654 videtur

417 697 618 758 neque
662 681 794 739 eius
838 680 1250 740 testimonium
1297 681 1358 738 in
1404 681 1845 740 dubitationem
1890 697 2103 738 vocare
2146 679 2394 752 debuit,
2440 697 2623 755 quum
2670 678 2857 736 etiam

418 763 668 824 aliarum
711 764 1050 825 fabularum
1108 765 1380 826 notitiam
1425 765 1843 825 tantummodo
1874 760 2221 824 didascaliis
2250 763 2601 824 debeamus.
2650 762 2865 822 Verba

415 849 478 908 τὸ
533 852 719 922 δρᾶμα
771 855 872 921 τῆς
927 857 1186 924 Τρωϊκῆς
1241 853 1352 908 ἐστι
1407 856 1818 924 πραγματείας,
1887 851 1939 908 εἰ
1994 857 2169 909 recte
2219 847 2429 920 viden,
2486 845 2637 906 nihil
2693 847 2859 906 alind

416 932 780 1012 significant,
827 953 1002 1011 quam
1049 936 1311 995 fabulam
1359 935 1434 993 ad
1479 955 1579 995 res
1626 935 1919 994 'l'roiauas
1963 933 2363 1012 pertinuisse:
2419 951 2620 1009 neque
2666 933 2861 1010 magis

418 1036 455 1077 e
509 1019 688 1079 titulo
736 1019 953 1092 Ἑλένης
1008 1020 1229 1093 ἁρπαγὴ
1285 1019 1561 1079 Helenae
1615 1031 1853 1097 raptum
1909 1020 1973 1078 in
2027 1018 2233 1077 fabula
2286 1018 2377 1076 sic
2432 1017 2727 1094 inscripta
2782 1035 2859 1077 re

299 1175 308 1190 ἱ
418 1120 562 1162 vera
606 1109 1024 1182 perpetratum
1070 1123 1230 1172 esse,
1265 1123 1440 1182 quam
1473 1125 1508 1165 e
1541 1104 1720 1163 titulo
1755 1106 1977 1174 Ἑλένης
2018 1101 2366 1175 ἀπαιτήσεως
2408 1105 2506 1180 (ut
2535 1119 2717 1180 supra
2746 1100 2859 1160 do-

319 1599 326 1610 ·
418 1544 538 1603 que
581 1524 643 1584 id

415 1188 700 1260 cuimus,)
747 1189 1041 1265 sequitur,
1085 1189 1362 1248 Helenae
1403 1189 1835 1267 repetitionem
1880 1189 1941 1247 in
1986 1186 2259 1246 dramate
2301 1187 2388 1246 ita
2430 1186 2863 1265 cognominato

417 1290 558 1331 esse
604 1271 909 1343 effectam,
955 1273 1067 1333 sed
1109 1273 1271 1333 tituli
1315 1274 1680 1352 simpliciter
1722 1293 1851 1334 rem
1884 1272 2325 1350 significabant,
2369 1271 2449 1332 de
2478 1291 2596 1348 qua
2625 1272 2687 1330 in
2717 1269 2859 1330 dra-

415 1361 579 1416 mate
623 1357 935 1435 agebatur.
1021 1358 1230 1435 ltaque
1274 1358 1413 1418 {ieri
1457 1359 1687 1437 potuit,
1732 1364 1800 1418 ut
1856 1376 2039 1418 scena
2094 1357 2321 1417 'l'roiae
2366 1363 2536 1416 esset
2567 1356 2719 1416 ἐἰς-ε
2778 1375 2862 1415 eo

288 1443 300 1450 ”
417 1448 695 1519 tempore
761 1460 882 1519 quo
925 1442 1272 1502 Alexander
1314 1443 1592 1502 Helenae
1639 1451 1875 1520 raptum
1922 1441 2286 1502 moliebatur
2330 1449 2501 1520 patre
2531 1439 2860 1500 fratribus-

689 1487 1181 1587 dissuadentibus
1226 1547 1295 1588 ac
1341 1527 1502 1586 mala
1544 1527 1690 1587 inde
1735 1534 2021 1587 secutura
2063 1523 2548 1598 vaticinantibus,
2594 1525 2721 1585 sive
2754 1545 2860 1596 eo,

418 1628 538 1687 quo
584 1610 820 1669 Helena
861 1611 1045 1670 modo
1087 1621 1261 1690 rapta
1317 1611 1565 1671 Troiam
1626 1619 1893 1671 venerat.
1983 1609 2079 1672 Ad
2135 1613 2255 1670 hoc
2310 1617 2552 1688 tempus
2610 1610 2861 1671 Abi-ens

417 1693 623 1772 (Fgm.
681 1693 870 1775 Soph.
915 1715 975 1773 p.
1019 1692 1175 1774 272)
1229 1715 1474 1774 quoque
1527 1696 1795 1757 fabulam
1855 1695 2241 1756 referendam
2300 1713 2442 1755 esse
2498 1702 2713 1754 censet
2769 1696 2863 1754 ita

417 1777 762 1857 disputans:
807 1779 1068 1858 „Neque
1111 1799 1214 1841 res
1257 1789 1393 1840 erat
1435 1782 1569 1841 siue
1614 1801 1845 1841 summa
1887 1781 2203 1860 gravitate,
2248 1779 2385 1839 aliis
2426 1779 2723 1840 Helenam
2758 1799 2859 1839 re-

417 1861 777 1922 mittendam
822 1865 1238 1938 suadentibus,
1284 1866 1417 1925 aliis
1448 1866 1857 1945 recipiendam
1902 1871 1969 1924 et
2011 1864 2300 1926 adversus
2331 1863 2604 1924 Graecos
2636 1863 2859 1924 defen-

417 1946 676 2008 dendam
730 1950 1156 2010 censentibus:
1231 1969 1430 2029 neque
1488 1951 1821 2010 defuerunt
1876 1949 2151 2020 oracula,
2211 1968 2367 2027 quae
2424 1949 2487 2008 in
2530 1956 2858 2026 utramque

415 2039 654 2112 partem
709 2033 916 2094 afferri
971 2041 1316 2114 potuerunt.
1419 2035 1584 2094 Vicit
1635 2035 1916 2095 iniustior
1970 2053 2147 2094 causa
2207 2031 2860 2094 contra‘Antenorem

415 2117 718 2196 huiusque
758 2119 917 2179 filios
940 2164 957 2189 ,
997 2139 1198 2197 neque
1227 2120 1591 2182 incredibile
1624 2128 1723 2202 est
1746 2127 1987 2199 poetam
2012 2118 2219 2178 statim
2256 2121 2329 2177 ab
2354 2118 2527 2178 initio
2550 2120 2704 2177 mala
2728 2119 2859 2192 illa,

419 2219 575 2278 quae
605 2221 682 2262 ex
703 2211 880 2281 raptu
904 2205 1250 2266 insecutura
1271 2214 1502 2276 essent,
1529 2204 1907 2283 praedixisse
1932 2210 2221 2264 ettamen
2246 2203 2615 2274 ostendisse,
2639 2203 2859 2262 evitari

415 2303 538 2344 non
569 2287 861 2364 potuisse,
893 2306 1047 2364 quae
1071 2296 1282 2348 essent
1303 2289 1448 2348 fatis
1471 2287 1836 2350 destinata.“
1880 2289 2007 2348 Sed
2030 2289 2391 2368 fragmentis
2419 2287 2677 2366 aliisque
2707 2288 2860 2347 sub-

415 2369 592 2429 sidiis
613 2369 804 2449 (iuter
831 2391 986 2450 quae
1011 2371 1234 2451 Cypria
1263 2374 1530 2434 carmina
1562 2373 1743 2435 facile
1773 2373 2175 2452 principatum
2206 2373 2543 2447 tenuerint)
2574 2371 2861 2432 destituti

415 2455 756 2514 accuratius
783 2456 846 2514 in
877 2463 1296 2530 argumentum
1326 2457 1639 2534 inquirere
1668 2475 1787 2519 non
1816 2473 2155 2536 possumus.
2212 2458 2647 2524 Verumtamen
2678 2465 2859 2518 recte
2979 2496 2988 2504 ·

416 2537 592 2596 nobis
637 2538 878 2598 Ahrens
925 2539 1234 2601 Welckeri
1279 2542 1646 2602 sententiam
1691 2543 2071 2620 improbasse
2114 2561 2185 2603 ac
2229 2545 2389 2605 bene
2432 2542 2737 2603 refutasse
2770 2543 2854 2601 vi-

416 2621 618 2699 detur,
662 2624 763 2701 qui
808 2624 895 2705 (p.
945 2620 1088 2683 158.
1133 2626 1255 2703 sq.)
1301 2626 1681 2687 Brunckiana
1726 2627 1888 2687 tituli
1931 2628 2469 2707 interpretatione,
2516 2646 2694 2703 quam
2739 2626 2854 2686 fal-

416 2724 542 2767 sam
591 2726 730 2769 esse
774 2728 960 2790 supra
1003 2710 1401 2783 ostendimus,
1448 2711 1621 2770 nixus
1666 2712 1955 2772 dramatis
2000 2731 2295 2772 summam
2336 2714 2395 2771 in
2436 2712 2859 2790 recuperanda

414 2791 674 2876 Helena·
710 2813 823 2872 per
877 2794 1224 2855 Menelaum
1281 2802 1424 2874 post
1479 2796 1788 2873 Deiphobi
1844 2816 2058 2857 necem
2118 2798 2375 2875 positam
2431 2796 2625 2855 fuisse
2660 2796 2855 2863 dixit.

415 2874 570 2936 Nam
617 2898 735 2957 quo
779 2879 933 2952 iure,
978 2888 1043 2938 ut
1087 2879 1224 2951 alia,
1301 2900 1456 2958 quae
1501 2881 1815 2941 Welckeri
1871 2882 2215 2941 sententiae
2260 2883 2535 2955 obstant,
2594 2888 2858 2956 taceam,

413 2961 568 3020 haec
615 2964 996 3042 recuperatio
1040 2962 1263 3039 ἁρπαγή
1307 2962 1600 3045 appella'ri
1655 2966 1953 3044 potuerit,
2008 2966 2289 3045 equidem
2346 2986 2463 3024 non
2524 2966 2855 3044 perspicio.

412 3078 500 3089 —-
543 3044 864 3106 Postremo
910 3067 1026 3106 non
1073 3058 1278 3127 potest
1323 3051 2041 3129 silentio·praetermitti,
2087 3050 2299 3122 fuisse,
2346 3050 2445 3127 qui
2492 3050 2648 3109 lianc
2680 3050 2851 3111 sabu-

411 3128 510 3188 lae
555 3131 630 3189 ab
675 3130 940 3190 Helenae
983 3132 1358 3211 Repetitione
1398 3137 1494 3195 vel
1540 3135 1790 3214 Nuptiis
1834 3155 1950 3195 non
1992 3134 2402 3213 discrepuisse
2433 3144 2497 3193 et
2526 3136 2853 3213 satyricam

412 3212 606 3273 fuisse
637 3214 1112 3288 contenderent,
1170 3239 1421 3297 quorum
1470 3222 1778 3281 sententia
1834 3228 2158 3299 propterea
2202 3220 2444 3297 probari
2500 3240 2616 3277 non
2668 3238 2855 3297 posse

412 3298 682 3372 videtur,
726 3302 886 3381 quod
931 3303 1034 3363 illa
1077 3302 1240 3363 inter
1282 3304 1490 3384 plures
1535 3304 1879 3384 tragoedias
1924 3304 1997 3363 ad
2042 3324 2144 3366 res
2196 3304 2447 3364 'I'roicas
2494 3310 2853 3384 spectantes

413 3401 446 3441 a
491 3389 882 3463 grammatico
928 3396 1457 3449 commemoratur.

931 3764 1315 3831 ΕΛΕΝΗΣ
1361 3734 1709 3831 umor
1756 3766 2323 3835 ΣΑΤῩΡΙΚΟΣ.

583 3960 822 4025 Helena
863 3981 1046 4042 quum
1091 3966 1358 4043 quinque
1399 3941 1567 4037 viris,
1612 3966 1885 4039 Theseo,
1928 3965 2248 4039 Menelao,
2296 3968 2663 4041 Alexandro,
2712 3970 2854 4030 Dei-

411 4045 622 4125 phobo
666 4053 734 4108 et
776 4048 1002 4109 Achilli
1043 4052 1354 4128 nupserit,
1423 4050 1853 4111 difficillimum
1899 4059 1997 4109 est
2039 4050 2115 4109 ad
2160 4050 2517 4123 dicendum,
2574 4053 2649 4111 ad
2671 4074 2853 4131 =quas

408 4130 652 4209 nuptias
695 4130 851 4191 haec
893 4128 1098 4192 fabula
1141 4137 1522 4211 pertinuerit.
1613 4134 1708 4195 Ad
1761 4154 1969 4196 verum
2028 4143 2231 4195 autem
2274 4139 2539 4195 accessit
2582 4138 2855 4199 fortasse

409 4212 487 4273 G.
531 4213 917 4275 Hermannus
959 4216 1192 4292 (Praef.
1239 4219 1316 4277 ad
1357 4218 1506 4279 Eur.
1552 4220 1771 4279 Helen.
1820 4239 1881 4297 p.
1930 4219 2149 4289 XVU,
2221 4220 2323 4296 qui
2366 4220 2576 4279 drama
2620 4222 2855 4287 inillis

407 4298 666 4376 nuptiis,
723 4301 942 4376 quibus
1001 4298 1172 4359 Paris
1227 4302 1526 4363 Helenam
1584 4303 1703 4362 sibi
1748 4304 1812 4361 in
1844 4304 2054 4365 ‘insula
2098 4304 2407 4382 [Orsuae]
2464 4306 2539 4365 ab
2599 4306 2853 4366 nomine

405 4382 542 4525 {¹2⁸
583 4389 800 4525 ‘'⁰3⁸''
843 4388 1054 4526 ''⁴:⁰31“
1096 4384 1389 4527 ¹¹¹¹}1‘0‘1i‘1·
1431 4384 2229 4531 2130'353‘3‘215053‘5‘
2288 4406 2463 4531 Ἵῗη
2482 4391 2850 4533 ““ι“ἕ“““ἆ“ἷ·

503 4484 2849 4543 mamuom..-,.s.„.o...

409 4542 596 4607 1690.
653 4484 857 4610 Strasb'.
913 4550 1018 4611 lx.
1075 4572 1134 4631 p.
1191 4546 1409 4629 3990:
1495 4554 1833 4631 Satyricam
1856 4576 1865 4591 ·
1888 4554 2085 4615 fuisse
2138 4473 2405 4617 sabiniam
2459 4494 2655 4633 inte?-
2686 4494 2853 4619 viriis

405 4630 624 4691 doctos
667 4631 804 4693 fere
847 4640 1120 4709 constat,
1165 4654 1282 4697 neo
1325 4642 1583 4717 propter
1624 4638 1840 4717 ipsum.
1859 4646 2291 4719 ‚argumentum
2346 4660 2421 4701 ea
2474 4640 2553 4701 de
2609 4662 2680 4703 re
2738 4642 2848 4701 du-
