3092 5200
399 385 408 392 '
418 383 514 435 [ΙΙΙ

405 597 718 688 cognorit
771 601 842 664 et
891 581 1358 688 pertractarit:
1455 613 1609 662 nam
1678 593 1825 684 quis
1894 613 1961 663 v,
2020 613 2082 661 c.
2154 599 2347 661 recte
2418 591 2535 662 vel
2604 589 2845 663 saltem

405 747 848 844 probabiliter
903 745 988 818 de
1035 747 1466 818 Theodec-tae
1503 745 1875 817 Philocteta
1915 745 2232 840 disputet,
2288 749 2415 818 nisi
2450 749 2562 841 qui
2600 745 2853 840 explo-

405 907 591 992 rarit‚
645 903 882 999 quales
934 902 1184 974 fuerint
1236 887 1604 997 Aeschyli,
1660 901 2058 998 Sophoclis,
2098 899 2449 996 'Euripidis
2502 901 2851 972 Philocte-

409 1069 560 1148 tae,
629 1061 1032 1153 praesertim
1100 1079 1297 1151 quum
1374 1060 1671 1130 minores
1742 1060 1981 1150 tragici
2048 1059 2283 1127 mirum
2353 1065 2669 1150 quantum
2750 1079 2851 1126 ex

406 1214 769 1287 maioribus
820 1217 964 1285 istis
1015 1213 1484 1308 pependerint,
1541 1222 1613 1283 ut
1666 1214 2066 1306 saepissime
2119 1192 2256 1283 non
2311 1210 2509 1282 modo
2564 1219 2849 1304 tragoe-

414 1369 668 1441 diarum
726 1379 1120 1463 argumenta
1177 1389 1259 1438 ac
1313 1369 1730 1462 singularum
1770 1389 2125 1438 scenarum
2166 1367 2669 1460 dispositioneS,
2726 1330 2861 1437 sed·

411 1528 784 1598 sententias
825 1527 1024 1596 etiam
1064 1523 1528 1618 dictionesque
1567 1524 1651 1595 ab
1688 1527 1767 1595 iis
1806 1531 2220 1617 repeterent.
2316 1521 2624 1593 Omnium
2676 1543 2850 1592 vero

417 1683 734 1768 maxime,
792 1689 864 1751 ut
908 1701 1032 1754 suo
1081 1679 1238 1750 loco
1291 1677 1627 1774 exemplis
1665 1677 2169 1763 demonstrabo,
2208 1675 2567 1770 Euripides
2604 1679 2662 1747 is
2700 1676 2850 1762 fuit,

414 1837 604 1908 cuius
673 1857 766 1906 ex
833 1835 1116 1908 hortulis
1177 1837 1600 1929 posteriores
1666 1841 1917 1928 poetae
1984 1835 2227 1927 tragici
2292 1831 2619 1905 flosculos
2686 1853 2853 1919 suos

413 2001 812 2084 carpserunt
850 2012 933 2061 ac
969 1989 1383 2060 delibarunt:
1439 1987 1619 2058 unde
1656 1985 1907 2059 factum
1946 1995 2076 2077 est,
2114 1996 2185 2058 ut
2221 2007 2696 2080 nonnunquam
2732 1987 2849 2057 vel

412 2147 831 2236 grammatici
881 2142 967 2212 de
1023 2141 1436 2235 quarundam
1503 2141 1881 2214 fabularum
1946 2163 2029 2212 ac
2078 2143 2559 2214 sententiarum
2612 2149 2851 2211 aucto-

413 2297 598 2368 ribus
634 2299 810 2367 inter
839 2295 1222 2390 Euripidem
1263 2295 1569 2389 aliosque
1604 2305 1847 2390 poetas
1878 2295 2301 2367 fluctuarent.
2350 2294 2615 2367 Deinde
2650 2318 2853 2389 quum

413 2449 750 2546 Aeschyli
789 2473 872 2524 ac
905 2436 1310 2545 praecipue,
1361 2473 1562 2545 quum
1620 2449 1983 2544 Sophoclis
2038 2458 2109 2521 et
2140 2449 2477 2544 Euripidis
2530 2450 2853 2544 reliquias

419 2605 780 2699 diligenter
829 2606 1376 2701 perlustrassem,
1429 2608 1707 2679 miratus
1760 2604 1939 2695 vidi,
2008 2628 2129 2679 eas
2177 2628 2309 2677 nec
2358 2628 2599 2681 omnes
2632 2606 2855 2679 adhuc
2956 2672 2977 2693 ,
3053 2588 3060 2655 Ῠ

417 2782 578 2837 esse
631 2770 998 2856 congestas
1049 2782 1186 2833 nec
1235 2764 1402 2835 satis
1455 2760 1821 2831 emendate
1871 2759 2207 2834 exhibitas
2260 2782 2394 2833 nec
2428 2766 2519 2832 ita
2558 2761 2853 2855 denique

419 2916 808 3010 dispositae,
861 2924 932 2987 ut
985 2874 1318 2989 sententia
1373 2916 1460 2987 de
1512 2914 1927 3003 fabularum,
1984 2937 2078 2987 ex
2130 2916 2372 3010 quibus
2426 2918 2677 3009 petitae
2732 2938 2855 2989 es-

351 3060 356 3067 ’
417 3080 594 3159 sent,
650 3070 1190 3145 conformatione
1243 3069 1462 3163 deque
1515 3073 1785 3164 poetica
1840 3073 2135 3143 auctoris
2186 3078 2332 3141 arte
2382 3068 2545 3141 ferri
2584 3082 2849 3164 posset.

417 3225 608 3311 Quae
645 3246 859 3321 -quum
928 3228 1150 3297 animo
1218 3245 1479 3296 mecum
1533 3224 1927 3313 volverem,
1996 3224 2221 3295 denuo
2272 3224 2645 3319 Aeschyli,
2712 3224 2853 3297 So-

416 3378 682 3473 phoclis
753 3388 824 3450 et
875 3378 1209 3473 Euripidis
1291 3378 1668 3472 fragmenta
1708 3378 2067 3493 ,colligere
2138 3387 2339 3471 atque
2409 3384 2636 3451 omnia
2701 3403 2853 3451 om·-

415 3537 595 3611 nium
647 3536 1067 3626 traqicornm
1117 3535 1398 3606 residua
1459 3554 1603 3641 uno·
1665 3554 1956 3628 corpore
2022 3522 2605 3627 comprehendere
2674 3554 2853 3607 con-

417 3690 630 3761 stituix
721 3690 790 3761 iu
844 3709 976 3781 quo
1029 3688 1318 3761 consilio
1367 3688 1530 3759 illud
1581 3710 1693 3759 me
1744 3686 2201 3775 confirmavit,
2258 3688 2437 3782 quod
2488 3688 2645 3759 mihi
2679 3711 2851 3782 per-

417 3840 820 3931 suadebam,
875 3864 1024 3929 eos,
1080 3845 1192 3936 qui
1243 3846 1570 3915 minorum
1622 3846 2033 3936 tragicorum
2085 3844 2405 3936 reliquias
2456 3850 2851 3936 possessuri

415 4004 652 4071 essent
701 3996 1056 4084 collectas,
1109 4005 1398 4092 propter.
1441 4000 1769 4070 rationem
1788 4046 1809 4085 ,
1866 4019 2063 4092 quam
2116 4017 2319 4090 supra
2370 4000 2683 4091 exposui,
2736 4001 2851 4071 iu·-

413 4154 594 4226 vitos
643 4158 896 4233 tantum
941 4150 1524 4247 plena'Aeechyli,
1578 4148 1943 4243 Sophoclis
1974 4150 2461 4245 Eur-§pedisque
2486 4154 2847 4245 [νεκρωθῆ-

415 4313 634 4379 torum
701 4306 1108 4379 collectione
1177 4328 1336 4379 esse
1405 4306 1759 4377 carituros.
1884 4304 2117 4379 Totius
2202 4314 2425 4379 autem
2494 4306 2847 4401 dispositio

410 4462 584 4535 haec
637 4464 803 4546 erit,
869 4469 976 4549 ut,
1047 4480 1244 4552 quum
1297 4458 1641 4531 volumine
1686 4463 1950 4553 primo,
2018 4460 2195 4555 quod
2266 4482 2445 4533 nunc
2497 4462 2565 4531 in
2616 4460 2845 4535 lucem

406 4618 674 4701 emitto,
729 4612 1054 4703 Aeschyli
1103 4635 1192 4683 ac
1243 4611 1641 4708 Sophoclis,
1693 4612 2002 4687 secundo
2054 4615 2285 4708 (quod
2330 4638 2393 4688 a.
2442 4612 2643 4711 1844
2674 4638 2840 4710 pro-
