3092 5200
2566 359 2633 412 11

199 593 358 644 esse
409 571 799 661 videretur,
857 571 1146 646 disserui
1163 621 1182 658 ‚
1241 572 1354 642 uhi
1405 573 1524 642 vel
1578 593 1673 642 ex
1726 552 2127 664 fragmentis
2178 573 2337 663 ipsis
2386 569 2507 642 vel
2542 589 2636 640 ex

198 728 408 798 certis
469 734 778 798 veterum
848 729 1251 822 scriptorum
1335 728 1737 799 testimoniis
1784 719 1923 797 'vel
2002 747 2093 796 ex
2162 723 2453 813 titulis*)
2517 724 2634 794 vel

201 880 466 956 aliunde
521 903 672 952 cnm
711 880 933 976 aliqua
968 879 1464 976 probabilitatis
1499 883 1735 976 specie
1784 879 2029 975 aliquid
2068 880 2299 974 colligi
2331 887 2639 973 poterat,

197 1057 347 1106 nam
385 1039 614 1108 muci
651 1035 978 1131 philologi
1013 1058 1172 1110 esse
1208 1039 1438 1131 putavi
1487 1055 1866 1130 exponere,
1906 1057 2083 1130 quae
2120 1036 2301 1108 facta
2336 1044 2407 1106 et
2442 1055 2639 1129 quam

197 1192 492 1262 maxime
549 1199 738 1262 certa
793 1193 964 1278 sint,
1019 1211 1160 1278 non·
1211 1211 1385 1284 quae
1437 1189 1585 1262 fieri
1652 1193 2012 1286 potuerint.
2120 1189 2259 1262 Sed
2324 1192 2637 1285 quoniam

203 1354 577 1439 tempomm
629 1347 872 1419 iniuria
925 1348 1182 1436 evenit,
1237 1355 1312 1416 ut
1359 1354 1430 1416 et
1473 1349 1767 1418 maxima
1804 1345 2139 1442 Aeschyli
2176 1353 2246 1416 et
2270 1342 2641 1440 'Sophoclis

201 1501 733 1594 fragmentorum
766 1521 928 1598 pars
968 1525 1008 1574 e
1045 1501 1328 1596 singulis
1382 1501 1667 1574 vocibus
1721 1510 2065 1576 constaret
2120 1510 2189 1572 et
2241 1521 2457 1594 pauca
2492 1506 2641 1570 tan-

202 1665 336 1727 tum
389 1661 772 1730 testimonia
827 1658 914 1728 de
965 1661 1257 1745 ratione,
1311 1678 1442 1751 qua
1495 1665 1745 1751 poetae
1796 1657 2097 1750 singulas
2150 1639 2431 1728 fabulas
2470 1674 2647 1726 cen-n

205 1810 654 1882 formaverint
671 1863 691 1900 ,
757 1811 956 1884 nohis
1010 1804 1286 1881 servata
1341 1819 1615 1896 essent,
1688 1813 1756 1879 in
1826 1810 2167 1903 plerisque
2220 1809 2469 1882 fabulis
2522 1831 2642 1880 ac-

219 1966 580 2054 quiescere
633 1965 704 2031 in
759 1981 848 2030 eo
869 1957 876 1964 ’
901 1969 1184 2031 coactus
1247 1960 1346 2028 fui
1362 2011 1382 2045 ,
1462 1927 1563 2042 ut,
1604 1960 2060 2052 explicarem,
2142 1960 2359 2052 qualia
2414 1983 2645 2032 earum

213 2095 509 2170 fuissent
561 2103 998 2191 argumenta:
1077 2105 1150 2168 et
1197 2117 1290 2168 ne
1339 2095 1476 2168 hoc
1527 2095 1795 2190 quidem
1850 2099 1915 2168 in
1972 2094 2283 2170 omuibus
2332 2095 2481 2170 fieri
2518 2116 2649 2193 po*

217 2255 358 2324 tuit.
469 2251 688 2324 Nemo
753 2253 958 2352 igitur
1007 2251 1387 2341 mirabitur,
1444 2251 1663 2347 quod,
1718 2275 1919 2348 quum
1950 2251 2207 2326 firmum
2245 2251 2645 2328 fundamen-

201 2417 365 2498 tum,
419 2429 554 2503 qno
607 2407 728 2480 niti
779 2428 1160 2501 possemus,
1217 2427 1350 2480 non
1401 2417 1615 2494 esset,
1672 2412 1739 2480 in
1790 2429 2143 2480 numerum
2176 2361 2643 2505 rationemque

205 2563 716 2657 tetralogiarum
765 2561 1103 2659 Aeschyli
1165 2565 1506 2659 inquirere
1576 2563 1795 2637 nolui:
1878 2549 2035 2637 nam
2101 2573 2521 2661 quantopere
2573 2570 2643 2641 in

205 2718 538 2803 eiusmodi
593 2718 802 2791 rebus
854 2722 1069 2791 errari
1124 2728 1365 2813 queat,
1436 2721 1887 2813 intellegitur,
1940 2742 2037 2791 ex
2089 2741 2223 2814 quo
2276 2720 2646 2795 didascalia

208 2874 484 2947 fabulae
505 2926 526 2962 ,
593 2877 702 2945 cui
775 2896 1022 2947 nomen
1067 2874 1288 2947 Ἓπτά
1340 2879 1450 2945 ἐπὶ
1512 2878 1729 2965 Θήβας
1751 2927 1772 2963 ,
1842 2873 2023 2946 edita
2092 2882 2219 2947 est.
2342 2874 2642 2969 Egregie

203 3027 476 3123 quidem
533 3028 996 3123 disputationis
1052 3038 1120 3099 et
1175 3028 1258 3099 de
1315 3029 1693 3123 tetralogiis
1727 3028 2145 3124 Aeschyleis
2199 3037 2269 3100 et
2323 3028 2409 3100 de
2443 3029 2641 3103 fabu-

201 3184 290 3256 lis
330 3182 738 3277 Sophocleis
784 3186 964 3256 viam
1012 3188 1464 3281 praemunivit
1509 3187 1621 3254 vir
1670 3206 1989 3274 summus,
2050 3182 2648 3255 THEOPHILUS

221 3336 580 3413 WELCK
578 3338 710 3410 ER
721 3389 745 3427 ,
812 3338 935 3409 sed
989 3341 1300 3433 quamvis
1351 3340 1899 3430 ingeniosissime
1950 3334 2197 3429 ubique
2253 3336 2645 3411 disseruerit

201 3512 434 3585 neque
487 3494 836 3587 scripserit
889 3491 1284 3587 quidquam,
1351 3488 1530 3587 quod
1584 3511 1723 3562 non
1777 3492 1863 3563 sit
1913 3491 2210 3564 lectione
2264 3500 2465 3587 atque
2519 3496 2642 3565 ad-

201 3649 564 3719 miratione
619 3646 1100 3741 dignissimum,
1157 3669 1410 3719 vereor
1465 3657 1711 3733 tamen,
1766 3670 1855 3719 ne
1911 3656 1981 3717 et
2030 3650 2098 3717 in
2150 3648 2637 3722 concinnandis

197 3800 586 3895 tetralogiis
639 3800 1011 3896 Aeschyli,
1047 3824 1283 3897 ,quum
1337 3802 1465 3874 sihi
1517 3805 2011 3896 persuasisset,
2081 3824 2311 3873 earum
2376 3802 2643 3877 fabulas

183 3957 454 4050 'ubique
524 3956 902 4049 argumenti
968 3953 1246 4049 mythici
1312 3958 1749 4025 continuitate
1814 3954 2027 4029 fuisse
2080 3978 2299 4031 nexas
2315 4008 2337 4046 ‚
2408 3980 2643 4053 quam-

197 4132 411 4205 quam
465 4109 619 4183 huic
674 4113 1054 4184 sententiae
1109 4118 1178 4181 et
1229 4108 1590 4182 Persarum
1662 4117 1731 4179 et
1781 4107 2165 4205 Lycurgiae
2230 4113 2643 4187 didascaliae

267 4508 332 4577 ⁸)
381 4506 542 4562 Ridet
589 4505 920 4578 Antiphanes
961 4525 1046 4580 ap.
1093 4509 1286 4565 Athen.
1321 4508 1411 4579 Vl,
1457 4528 1509 4583 p.
1558 4504 1701 4567 222.
1740 4508 1801 4565 B.
1841 4526 1921 4582 sq.
1966 4515 2155 4582 poetas
2200 4506 2457 4580 tragicos,
2504 4508 2643 4579 quod

378 4624 451 4663 ex
497 4608 796 4665 nominihus
841 4608 1129 4665 fabularum
1173 4618 1478 4683 argumenta
1523 4612 1687 4668 ferme
1733 4611 1957 4667 divinari
2000 4606 2223 4681 possint.

71 4879 114 5150 ἱ
208 4973 349 5102 κ.
