3092 5200
443 382 595 455 214
1447 364 1456 371 ’
1511 373 1830 461 §tiphoeus

1006 656 2339 737 AAKHlez*

613 874 809 933 Huius
853 870 1098 931 fa‘hulae
1139 888 1360 931 nomen
1408 888 1443 927 a
1487 869 1655 928 nullo
1710 866 1955 945 quidem
2008 869 2219 923 vetere
2277 864 2583 942 scriptore
2640 864 2885 934 citatur,

443 968 650 1020 tamen
711 956 956 1018 Admeti
1023 964 1090 1015 et
1143 954 1475 1017 Alcestidis
1531 952 1851 1011 historiam
1908 970 1941 1008 a
1998 949 2311 1027 Sophocle
2368 955 2689 1008 tractatam
2744 966 2887 1007 esse

444 1065 583 1105 cum
629 1062 702 1103 ex
747 1040 1104 1119 quibusdam
1153 1038 1462 1099 Plutarchi
1507 1038 1710 1097 serbis
1757 1036 1931 1113 (sgm.
1978 1033 2084 1110 1.),
2131 1042 2257 1093 tum
2306 1052 2340 1091 e
2391 1032 2702 1092 'nonnullis
2754 1052 2887 1092 ver·

445 1130 615 1189 sibus
669 1127 844 1205 (t'gm.
901 1124 971 1185 ll.
1031 1123 1126 1183 lll.
1172 1122 1322 1197 lV.),
1367 1122 1469 1199 qui
1511 1122 1574 1180 in
1620 1121 1736 1180 alia
1780 1119 1984 1179 sabula
2027 1118 2122 1177 vix
2169 1118 2365 1177 locum
2422 1116 2655 1177 habere
2713 1108 2887 1196 pote-

443 1217 603 1282 rant,
647 1212 760 1271 tiri
803 1210 972 1270 docti
1015 1208 1426 1285 collegerunt,
1471 1206 1747 1285 quamvis
1793 1210 1859 1263 et
1900 1201 1979 1263 de
2024 1202 2265 1263 fabulae
2310 1202 2557 1261 nomine
2598 1202 2888 1263 dissenti-

443 1305 587 1359 rent
629 1304 696 1356 et
735 1295 1119 1365 dubitarent,
1173 1298 1376 1353 utrum
1421 1310 1494 1351 ea
1537 1288 1855 1367 tragoedia
1896 1306 1972 1347 au
2024 1288 2233 1347 drama
2289 1286 2615 1365 satyricum
2676 1286 2887 1347 suerit.

445 1384 644 1457 Quum
689 1370 848 1438 enim
895 1375 1057 1456 apud
1101 1375 1490 1439 Plutarchum
1535 1375 1879 1453 legeretur,
1930 1372 1963 1432 ὁ
2006 1374 2365 1442 Σοφοκλέους
2407 1369 2693 1444 Ἄδμητος,
2742 1370 2887 1431 Rei-

448 1465 647 1539 skius,
691 1462 808 1523 od.
857 1461 1123 1521 Mueller
1166 1459 1473 1539 (Prolegg.
1521 1457 1595 1517 ad
1644 1457 1903 1535 Mythol.
1948 1476 2007 1534 p.
2050 1452 2237 1531 422),
2292 1456 2412 1525 alii,
2456 1455 2701 1515 fabulae
2744 1456 2889 1515 titu-

453 1550 576 1609 lum
624 1545 937 1607 Admetum
980 1545 1173 1604 fuisse
1217 1550 1592 1615 statuerunt3
1638 1542 1748 1601 sed
1795 1559 1971 1621 quam
2020 1541 2254 1601 incerta
2300 1538 2599 1599 eiusmodi
2646 1540 2889 1601 conclu-

449 1636 540 1692 sio
585 1634 686 1701 sit,
730 1630 890 1690 haud
935 1630 1414 1709 pauci-veterum
1447 1627 1811 1705 scriptorum
1852 1625 1973 1684 loci
2006 1623 2375 1685 documento
2406 1632 2564 1684 suut.
2596 1622 2705 1697 (cf.
2742 1625 2915 1684 Eun

445 1717 595 1797 fgm.
639 1712 784 1775 752.
830 1710 972 1774 762.
1025 1708 1172 1773 773.
1216 1708 1432 1789 774.);
1479 1714 1681 1789 itaque
1727 1711 1989 1770 sortasse
2019 1710 2249 1769 rectius
2280 1708 2569 1768 Welcker
2596 1710 2686 1789 (p.
2710 1705 2891 1787 344.)

447 1810 514 1862 et
553 1800 798 1861 Ahrens
851 1798 1096 1858 fabulae
1140 1795 1460 1856 Alcestidis
1503 1814 1721 1855 nomen
1778 1794 2229 1873 imposuerunt,
2286 1812 2647 1871 quamquam
2702 1794 2891 1854 etiam

447 1883 851 1945 Pheraeorum
914 1884 1130 1941 titulus
1197 1880 1362 1940 haud
1419 1880 1667 1958 ineptus
1725 1879 1929 1939 fuerit.
2042 1878 2231 1938 Certe
2296 1877 2482 1937 iidem
2540 1878 2893 1938 rectissime

451 1988 583 2031 eam
629 1967 964 2045 tragoediis
1008 1967 1395 2026 accen-uisse
1437 1964 1739 2024 videntur.
1827 1962 1981 2023 Nam
2040 1962 2227 2035 ratio,
2272 1978 2451 2041 quam
2512 1960 2669 2021 God.
2728 1962 2892 2024 Her-

445 2072 658 2131 manus
702 2051 932 2132 (Praef.
979 2052 1052 2110 ad
1099 2050 1310 2129 Eur-ip.
1355 2049 1524 2127 cycl.
1569 2069 1631 2127 p.
1678 2044 1871 2118 xvl.)
1915 2047 1993 2106 de
2048 2066 2229 2125 versu
2282 2066 2319 2107 a
2378 2046 2704 2107 Plutarcho
2758 2066 2893 2107 ser-

443 2145 582 2197 rato
625 2137 897 2215 repetiit,
940 2144 1012 2196 ut
1055 2134 1378 2213 Sophoclis
1420 2132 1801 2193 Alcestidem
1844 2132 2053 2215 drama
2094 2130 2423 2209 satyricum
2468 2130 2663 2205 tuisse
2704 2130 2893 2193 doce-

443 2228 564 2284 ret.
607 2220 930 2280 admodum
974 2220 1212 2279 infirma
1257 2226 1375 2291 est,
1421 2237 1623 2295 neque
1666 2217 1744 2275 ad
1774 2216 1905 2276 eius
1934 2216 2303 2276 sententiam
2334 2216 2745 2277 accessissent
2768 2215 2890 2275 Ur-

449 2305 606 2365 lichs
652 2305 758 2382 (de
801 2304 1048 2363 Achaeo
1093 2322 1153 2381 p.
1197 2298 1331 2379 72.)
1377 2306 1442 2361 et
1485 2302 1766 2362 Glumius
1813 2298 1919 2379 (de
1962 2300 2111 2359 Eur.
2159 2299 2288 2359 Alc.
2336 2320 2393 2379 p.
2440 2295 2602 2378 29.)‚
2648 2300 2699 2359 si
2746 2300 2892 2359 reli·

446 2406 560 2465 qus
607 2388 785 2446 huius
831 2386 1073 2446 fabulae
1117 2388 1459 2464 fragmenta
1516 2391 1785 2445 nossent.
1891 2383 2016 2445 Cur
2072 2384 2233 2443 enim
2292 2384 2398 2445 ille
2454 2403 2541 2443 vs.
2597 2384 2893 2444 dramatis

447 2471 694 2548 satyrici
738 2472 1146 2549 suspicionem
1193 2468 1472 2531 moveat?
1517 2470 1619 2548 qui
1663 2469 2023 2529 coniunctus
2050 2486 2187 2529 cum
2218 2469 2351 2528 aliis
2382 2468 2516 2529 sine
2546 2469 2666 2529 ulla
2696 2468 2889 2530 offen-

447 2556 620 2615 sione
663 2555 726 2615 in
771 2554 1085 2634 tragoedia
1130 2555 1250 2634 legi
1295 2555 1524 2634 potuit:
1582 2572 1717 2614 nam
1764 2572 1875 2612 vox
1918 2556 2192 2627 vitiat-mo,
2246 2554 2325 2614 de
2370 2554 2539 2615 cuius
2585 2554 2889 2634 significa-

448 2643 616 2699 tione
659 2640 769 2698 viri
817 2640 982 2700 docti
1025 2641 1122 2700 vel
1165 2638 1538 2712 discordant,
1584 2641 1767 2698 etiam
1800 2638 1957 2716 apud
2001 2639 2373 2718 Aeschylum
2418 2640 2653 2716 (Agam.
2701 2635 2888 2698 1656.

447 2725 626 2785 Eum.
671 2720 857 2800 822.)
905 2732 969 2783 et
1013 2724 1218 2784 ionem
1264 2725 1451 2803 (sgm.
1497 2719 1601 2783 38.
1647 2719 1748 2781 44.
1796 2722 1971 2782 Poet.
2016 2723 2199 2804 Ἔτος.
2246 2723 2489 2802 Fragm.
2534 2723 2631 2784 ΙΙΙ.
2676 2742 2733 2801 p.
2780 2719 2886 2782 36.

445 2805 578 2885 40.)
623 2829 980 2887 quamquam
1027 2809 1306 2868 fortassis
1353 2807 1466 2867 alia
1511 2805 1987 2886 significatione,
2047 2809 2286 2886 legitur.
2390 2809 2590 2884 Atque
2648 2807 2888 2886 Sopho·

447 2895 558 2953 clia
603 2894 866 2952 fabulam
915 2893 1106 2952 fuisse
1151 2891 1474 2970 satyricam
1522 2909 1598 2951 eo
1656 2890 1850 2950 minus
1908 2890 2203 2954 credibile
2260 2898 2387 2962 est,
2459 2911 2577 2969 quo
2634 2892 2888 2970 propius

452 2977 764 3054 Euripidis
813 2978 1076 3036 Alcestis
1121 2977 1194 3036 ad
1241 2977 1447 3036 drama
1492 2982 1604 3036 sat.
1653 2975 1909 3036 accedit.
1965 3012 2047 3024 —-
2118 2977 2308 3052 Quale
2354 2975 2683 3038 discrimen
2726 2977 2891 3038 inter

450 3059 763 3138 utriusque
795 3071 1016 3140 poetae
1034 3057 1406 3122 Alcestidcm
1440 3059 1650 3132 fuerit,
1678 3059 1866 3121 hodie
1894 3060 2193 3140 explorari
2220 3059 2461 3137 nequit:
2492 3059 2601 3120 sed
2620 3055 2679 3120 id
2694 3057 2888 3122 fuisse

451 3145 769 3204 maximum
815 3141 1122 3204 concludit
1177 3143 1421 3204 Ahrens
1474 3165 1510 3205 e
1563 3143 1767 3204 verbis
1824 3145 2234 3224 grammatici,
2306 3146 2408 3223 qui
2464 3153 2887 3222 argumentum

449 3227 782 3290 Alcestidis
827 3227 1197 3308 Euripideae
1242 3229 1522 3308 scripsit,
1584 3229 1738 3288 haec
1782 3229 2112 3289 tradentis:
2178 3229 2316 3298 παρ’
2376 3229 2651 3304 οὐδετέρῳ
2706 3239 2888 3289 κεῖται

447 3314 482 3386 ἢ
531 3317 861 3385 μυθοποιΐα.
949 3315 1028 3374 At
1076 3313 1358 3394 equidem
1403 3313 1502 3372 his
1547 3312 1753 3374 verbis
1800 3331 1916 3372 non
1965 3317 2214 3376 multum
2261 3313 2615 3386 tribuerim,
2659 3313 2887 3394 quippe

449 3397 668 3476 quihus
724 3399 1080 3459 manifestus
1140 3393 1314 3461 error
1354 3395 1651 3470 insideat,
1723 3403 1791 3458 ut
1846 3399 2161 3458 verissime
2222 3397 2510 3463 Welcker
2554 3407 2651 3477 (p.
2696 3391 2885 3476 347.)

449 3482 698 3542 monuit.
787 3483 1084 3544 Similiter
1125 3484 1617 3562 grammaticum,
1672 3481 1772 3558 qui
1816 3479 2197 3542 Philoctetae
2252 3490 2669 3560 argumentum
2723 3501 2888 3545 oom-

405 3579 413 3587 '
449 3565 672 3642 posuit,
720 3564 900 3646 quum
947 3565 1281 3626 scriberet:
1327 3577 1507 3624 mitat
1551 3568 1606 3623 δὲ
1657 3570 1747 3622 καὶ
1792 3567 1928 3636 παρ’
1964 3565 2207 3644 Αἰσχύλῳ
2251 3567 2286 3640 ἡ
2334 3571 2677 3642 μυθοποιΐα,
2708 3565 2883 3628 Euri-

449 3647 608 3726 pidis
653 3648 1057 3710 Philoctetam
1105 3647 1416 3726 ignorasse
1460 3649 1757 3706 ridemus.

1503 3832 1542 3890 1.
1602 3827 1826 3913 (107.)
1936 3839 1943 3857 ·

623 3948 782 4009 Plut.
829 3948 908 4012 de
953 3967 1115 4010 orac.
1163 3948 1391 4012 defect.
1441 3947 1538 4010 15.
1586 3969 1645 4032 p.
1690 3948 1835 4012 417.
1884 3951 1955 4012 F.
2000 3957 2097 4014 καὶ
2138 3956 2256 4028 μὴν
2294 3953 2431 4018 ὅσας
2474 3957 2536 4014 ἔν
2576 3979 2635 4015 τε
2680 3955 2890 4032 μύθοις

445 4039 539 4096 καὶ
583 4031 779 4107 ὕμνοις
821 4037 1039 4106 λέγουσι
1081 4039 1176 4092 καὶ
1219 4031 1415 4112 ᾄδουσι
1458 4043 1621 4096 τοῦτο
1668 4037 1771 4112 μὲν
1814 4037 2100 4112 ἁρπαγὰς,
2157 4045 2321 4097 τοῦτο
2378 4041 2436 4097 δὲ
2482 4039 2695 4104 πλάνας
2736 4048 2891 4105 θεῶν

445 4116 684 4192 κρύψεις
725 4142 784 4177 τε
831 4123 924 4177 καὶ
969 4124 1155 4192 φυγὰς
1197 4123 1289 4178 καὶ
1331 4129 1618 4194 λατρείας,
1664 4124 1733 4182 ού
1779 4127 1937 4182 θεῶν
1980 4129 2143 4196 εἰσιν,
2199 4123 2333 4181 ἀλλὰ
2378 4128 2657 4197 δαιμόνων
2700 4127 2889 4200 παθή-

448 4225 592 4276 ματα
636 4204 730 4261 καὶ
771 4205 929 4276 τύχαι
975 4205 1464 4278 μνημονευόμεναι
1521 4208 1605 4266 δι’
1662 4209 1871 4282 ἀρετὴν
1912 4212 2003 4266 καὶ
2059 4208 2299 4282 δύναμιν
2352 4209 2552 4268 αὐτῶν.
2608 4213 2703 4268 καὶ
2758 4207 2883 4270 οὔτ’

448 4285 705 4358 Αἰσχύλος
747 4289 948 4364 (ἁγνῶς
991 4285 1237 4367 supplet
1281 4290 1542 4372 Welck.)
1591 4293 1750 4350 εἶπεν
1794 4291 2033 4372 (Suppl.
2078 4287 2267 4368 2ll)'
2314 4295 2521 4368 ,,ἁγνόν
2564 4298 2621 4352 τ’
2661 4295 2889 4354 Ἀπόλλω

447 4369 650 4443 φυγάδ’
701 4371 810 4430 ἀπ’
855 4373 1107 4456 ούρανοῦ
1149 4375 1366 4444 θεὸν,“
1412 4374 1542 4435 οὔτε
1588 4375 1619 4434 ὁ
1662 4381 2019 4447 Σοφοκλέους
2048 4373 2321 4451 Ἄδμητος,

843 4492 1060 4580 Οὖμός
1113 4493 1180 4562 δ’
1236 4495 1518 4582 ἀλέκτωρ
1585 4477 1789 4565 αὗτόν
1848 4493 1956 4586 ἦγε
2022 4501 2184 4586 πρὸς
2246 4499 2476 4590 μύλην.

445 4619 828 4684 Sententiam
879 4623 1342 4688 Thudichumus
1388 4634 1454 4687 et
1495 4627 1741 4688 Ahrens
1768 4629 1929 4688 hene
1960 4629 2345 4708 interpretati
2378 4639 2550 4694 sunt:
2596 4634 2885 4694 mamaeae
