3092 5200
353 435 360 447 ,
445 366 602 441 206
1519 364 1839 445 Sophoclis
1944 396 1951 405 .

744 577 910 663 πρὸς
960 570 1283 662 χρήμαθ’,
1339 578 1406 641 οἵ
1453 600 1525 641 τε
1578 574 1817 662 φύντες
1868 568 2222 662 ἆρνοῧνται
2277 582 2554 659 στυγεῖν.

669 746 674 753 ,
746 680 956 755 δεινὸς
1007 680 1128 767 γὰρ
1183 682 1410 765 ἕρπειν
1462 680 1745 753 πλοῦτος
1799 678 1861 753 ἴς
1913 703 1985 745 τε
2037 675 2291 765 τᾶβατα

743 790 852 849 καῖ
907 783 1070 870 πρὸς
1121 783 1206 848 τὰ
1257 773 1526 867 fiunis*
1578 777 1895 863 χώπόθεν
1948 786 2145 869 πένης
2196 779 2360 873 ἆνῆρ

743 882 899 973 μηδ’
956 886 1244 967 ἐντυχὼν
1295 880 1551 953 δύναιτ’
1600 874 1693 951 ’ἂν
1746 877 1840 951 ὦν
1890 886 2011 971 ἐρᾷ
2063 894 2300 967 τυχεῖν.

743 997 854 1055 καὶ
904 989 1026 1076 γὰρ
1080 988 1370 1063 δυσειδὲς
1419 992 1615 1072 σῶμα
1665 994 1773 1053 καὶ
1825 986 2225 1071 δυσώνυμον

552 1093 668 1158 10.
740 1090 1000 1185 γλώσσῃ
1054 1092 1272 1178 σοφὸν
1321 1098 1592 1178 τίθησιν
1644 1086 1981 1178 εὔμορφόν
2030 1088 2104 1156 τ’
2156 1092 2339 1157 ἰδεῖν.
2463 1085 2471 1093 ”

741 1193 924 1282 μόνῳ
979 1196 1050 1261 δὲ
1100 1200 1356 1282 χαίρειν
1405 1202 1515 1259 καὶ
1572 1204 1795 1261 νοσεῖν
1846 1194 2111 1274 ἐξουσία

601 1308 612 1323 ’
739 1294 1066 1385 πάρεστιν
1115 1293 1294 1385 αὐτῷ
1341 1294 1900 1387 κᾶπικρύψασθαι
1918 1326 1929 1336 ·
1950 1294 2137 1363 κακά.

605 580 670 643 ‘vt

443 1498 592 1559 SIne
633 1496 880 1557 fabulae
925 1498 1170 1559 nomine
1213 1517 1456 1560 versum
1502 1495 1536 1558 l
1588 1498 1761 1559 Stob.
1809 1494 2022 1569 XCIV,
2066 1491 2140 1577 8,
2184 1514 2397 1559 versus
2438 1491 2675 1557 6—12
2720 1495 2884 1557 Plut.

440 1582 520 1644 de
565 1582 700 1643 aud.
747 1588 912 1662 poet.
957 1579 1018 1642 4.
1065 1603 1124 1663 p.
1177 1580 1281 1644 21.
1338 1584 1408 1644 B.
1467 1584 1669 1645 affert.
1722 1616 1807 1631 -
1878 1580 1983 1641 Vs.
2036 1574 2097 1641 3.
2144 1582 2321 1662 vulgo
2366 1588 2501 1643 erat
2552 1588 2889 1658 τυραννίδος

437 1666 692 1741 ἣκουσιν,
736 1666 908 1727 cuius
951 1669 1088 1730 loco
1131 1668 1304 1729 Paris
1347 1670 1420 1730 A.
1467 1677 1533 1730 et
1577 1669 1645 1731 B.
1689 1669 1741 1727 τ’
1792 1666 2023 1739 ἄγουσιν
2056 1668 2378 1746 praebent.
2432 1667 2566 1728 Cod
2598 1668 2673 1729 N.
2706 1666 2883 1727 Gaia-

444 1752 610 1814 fordi
653 1773 688 1815 a
731 1771 911 1813 manu
953 1754 1150 1833 prima
1190 1752 1442 1829 ἄκουσιν,
1486 1754 1773 1833 idemque
1816 1751 2046 1812 hahent
2080 1750 2256 1813 codd.
2291 1751 2553 1814 Vindob.
2584 1760 2649 1813 et
2678 1750 2881 1825 Voss..

437 1838 546 1899 ubi
585 1838 870 1899 librarius
915 1837 1156 1901 literam
1212 1858 1249 1900 o
1304 1842 1536 1901 calamo
1595 1847 1943 1900 transverso
2000 1836 2249 1897 delevit.
2334 1838 2495 1897 Hinc
2548 1837 2881 1897 Salmasius

435 1929 720 1984 θακοῢσιν
775 1926 1063 1999 correxit,
1107 1925 1270 2005 quod
1325 1924 1580 1986 Grotius
1637 1924 1894 2004 recepit.
1988 1920 2331 1983 verissime
2386 1928 2589 1983 autem
2648 1922 2883 1982 monuit

437 2008 705 2070 Ellendt.
763 2006 914 2077 Lex.
971 2009 1160 2089 Soph.
1228 2009 1272 2072 1.
1329 2030 1387 2089 p.
1450 2007 1611 2083 778,
1666 2028 1782 2069 nec
1834 2012 2116 2067 θακοῢσιν
2170 2026 2287 2068 nec
2342 2006 2661 2081 ἐσάγουσιν,
2714 2007 2879 2087 quod

435 2092 778 2154 Brunckius
821 2095 1062 2170 maluit,
1106 2095 1426 2157 commode
1469 2095 1544 2155 ad
1576 2091 1915 2168 ἀνθρώπους
1942 2090 2167 2152 referri
2188 2110 2399 2172 posse,
2430 2094 2660 2172 quippe
2692 2110 2873 2171 quum

435 2178 498 2237 in
543 2197 620 2238 eo
663 2178 987 2240 durissima
1029 2186 1200 2240 esset
1252 2180 1725 2243 constructionis
1778 2178 2061 2259 inversio.
2173 2177 2314 2257 lpse
2378 2178 2567 2257 igitur
2626 2178 2879 2258 corrigit

434 2261 724 2336 θάκοισιν,
769 2281 888 2341 quo
932 2271 998 2324 et
1040 2272 1328 2325 accentus
1385 2266 1570 2325 ducat
1626 2270 1692 2327 et
1742 2264 1929 2324 ratio:
2000 2260 2252 2335 χρήματα
2306 2264 2627 2336 &vocatives
2678 2270 2879 2334 φίλους

437 2348 686 2418 εὑρίσκει
739 2352 833 2405 καὶ
878 2349 1039 2422 τιμὰς
1080 2352 1176 2407 καὶ
1217 2352 1388 2422 ἕδραν
1426 2352 1657 2409 &denotat
1698 2352 2056 2422 τυραννίδος,
2108 2346 2199 2405 ad
2236 2346 2423 2407 solum
2464 2339 2693 2427 ‘re-yt'nm
2730 2366 2875 2426 pro-

433 2428 668 2489 vehunt.
757 2432 926 2507 Quae
971 2434 1274 2493 correctio
1311 2434 1408 2494 vix
1437 2435 1683 2513 probari
1714 2439 1941 2514 potest,
1983 2449 2167 2510 quum
2198 2432 2259 2491 in
2292 2452 2363 2492 ea
2389 2436 2651 2493 θάκοισιν
2678 2450 2875 2512 paene

435 2515 700 2575 otiosum
745 2515 844 2575 sit.
947 2516 1140 2578 Vater
1191 2517 1396 2596 igitur,
1453 2539 1635 2597 quem
1690 2520 1814 2579 Th.
1868 2517 2167 2595 Bergkius
2218 2518 2525 2597 sequitur,
2584 2518 2877 2578 orationis

433 2607 648 2661 tenore
707 2601 1110 2663 accusativum
1167 2604 1464 2684 quendam
1524 2605 1753 2685 requiri
1808 2603 2021 2662 dicens
2077 2603 2352 2663 restituit
2402 2607 2675 2678 θάκησιν,
2718 2621 2873 2680 quae

433 2705 549 2746 vox
592 2685 778 2747 etiam
823 2686 882 2746 in
927 2685 1053 2747 OC.
1097 2682 1141 2748 9
1185 2689 1508 2750 obscurata
1553 2690 1670 2751 fuit
1713 2695 1778 2751 et
1822 2687 2006 2749 simili
2050 2687 2352 2760 ἐνθὸικησις
2395 2688 2582 2768 (Phil.
2607 2683 2725 2754 18)
2768 2687 2873 2746 fir-

435 2771 650 2832 matur.
767 2769 984 2852 Neque
1038 2792 1174 2833 eam
1230 2775 1517 2854 recipere
1574 2773 2027 2844 dubitaremus,
2071 2772 2188 2832 nisi
2248 2773 2437 2833 multo
2487 2773 2737 2853 propius
2794 2771 2875 2832 ad

361 2873 374 2880 “
433 2856 801 2937 optimorum
846 2856 1137 2918 librorum
1183 2859 1550 2939 scripturum
1596 2859 1927 2920 accederet
1969 2856 2178 2916 Bothii
2221 2858 2567 2918 emendatio
2610 2864 2877 2932 wym‘mn

434 2941 542 3016 (cf.
589 2941 814 3002 Aesch.
863 2941 1030 3002 Pers.
1077 2938 1256 3021 750,)
1301 2963 1457 3023 quae
1513 2965 1650 3006 cum
1706 2949 2004 3024 sequente
2056 2943 2289 3014 ἡδίστην
2343 2943 2685 3003 arctissime
2728 2959 2874 3002 con-

435 3024 739 3104 iungenda
767 3032 885 3088 est.
979 3025 1127 3087 Nam
1159 3030 1409 3104 ἡδίστην,
1451 3031 1614 3110 quod
1652 3030 1844 3096 Paris.
1888 3028 1958 3088 B.
2004 3027 2281 3106 praebet,
2326 3046 2525 3107 neque
2568 3033 2873 3101 αἰσχίστην,

433 3097 598 3188 quod
641 3129 752 3190 pro
797 3110 955 3190 vulg.
1000 3113 1260 3187 ἀγχίστην
1307 3111 1493 3176 Paris.
1523 3118 1591 3176 A.
1638 3117 1846 3185 habet,
1892 3110 2310 3192 recipiendum
2359 3131 2499 3172 esse
2540 3113 2670 3172 iam·
2706 3113 2869 3172 bene

435 3197 670 3256 monuit
711 3195 982 3257 Ellendt.
1027 3197 1065 3272 ¹.-
1111 3217 1165 3260 c.
1213 3199 1258 3261 l.
1303 3220 1364 3281 p.
1409 3197 1589 3263 763.:
1656 3202 1905 3262 minime
1961 3198 2120 3260 enim
2170 3197 2363 3275 turpis
2410 3197 2633 3276 regalis
2675 3195 2871 3276 digni·

437 3287 533 3340 tas
577 3281 737 3361 apud
782 3282 1042 3356 heroes,
1088 3303 1204 3345 nec
1247 3303 1498 3366 usquam
1544 3286 1705 3368 apud
1748 3284 2121 3366 Sophoclem
2166 3287 2515 3358 contemtae
2559 3281 2871 3342 indicium.

431 3367 712 3446 Ineptum
757 3367 942 3428 etiam
988 3367 1240 3445 suisset,
1285 3371 1340 3432 si
1381 3379 1567 3451 poeta
1611 3391 1746 3433 eam
1791 3372 1954 3432 inter
1997 3367 2191 3441 bona,
2234 3385 2391 3444 quae
2434 3366 2660 3427 divitiis
2706 3385 2871 3426 com-

431 3451 633 3530 parari
699 3459 1014 3529 possunt,¹
1056 3464 1478 3518 enumerasset
1531 3465 1600 3518 et
1652 3463 1856 3516 tamen
1907 3459 2191 3528 αἰσχίστην
2252 3455 2421 3524 ἕδραν
2474 3452 2873 3512 nominasset.

429 3533 519 3592 Ut
563 3534 682 3592 hoc
723 3535 884 3609 loco,
929 3537 1014 3595 ita
1057 3537 1118 3620 in
1164 3537 1312 3616 fgm.
1360 3539 1469 3600 Vll
1512 3542 1577 3600 in
1618 3540 1809 3602 Paris.
1854 3540 1924 3599 B.
1967 3538 2289 3618 genuinam
2334 3538 2697 3617 scripturam
2741 3552 2871 3596 ser-

431 3622 628 3676 vatam
674 3635 816 3677 ease
859 3617 1140 3692 vidimus,
1183 3620 1523 3683 Parisinum
1568 3625 1642 3684 A.
1687 3641 1833 3684 vero
1876 3627 2227 3699 corruptum
2272 3639 2411 3682 esse
2456 3622 2639 3682 etiam
2686 3641 2725 3681 e
2769 3639 2869 3680 se—

389 3698 760 3779 'qucutibus
805 3703 920 3780 (vs.
961 3697 1053 3778 6.)
1099 3702 1309 3781 liquet.
1397 3707 1534 3768 Non
1590 3725 1743 3788 opus
1798 3707 1984 3784 igitur
2037 3711 2169 3780 est,
2244 3711 2492 3768 ut·cum
2539 3703 2871 3766 Gaisfordo

357 3785 378 3794 '
431 3785 510 3845 de
561 3783 924 3846 conffisione
965 3804 1180 3848 vocum
1223 3794 1498 3864 αἴσχιστος
1535 3797 1604 3852 et
1642 3794 1896 3864 ἔχθιστος
1924 3791 2264 3871 cogitemus
2293 3789 2401 3871 (de
2424 3811 2543 3870 qua
2564 3790 2645 3850 cf.
2672 3788 2867 3850 Piers.

431 3870 506 3932 ad
531 3869 729 3931 Moer.
752 3890 812 3950 p.
840 3865 981 3931 135.
1006 3870 1180 3933 Pors.
1204 3873 1282 3934 ad
1315 3873 1460 3936 Eur.
1498 3871 1900 3938 Phoen.·594.
1930 3876 2143 3938 Monk-
2173 3875 2253 3936 ad
2274 3875 2501 3936 Alcest.
2530 3869 2762 3945 1056.).
2782 3907 2870 3920 —-

431 3953 538 4016 Va.
581 3952 641 4016 4.
690 3955 881 4016 PariS.
927 3956 993 4017 B.
1041 3956 1292 4022 κῦπειτα.
1332 3994 1420 4008 --
1464 3961 1570 4022 Va.
1600 3956 1662 4022 6.
1697 3961 1815 4022 Pro
1858 3964 2039 4028 δεινὸς
2079 3962 2186 4036 γὰρ
2228 3965 2447 4033 ἕρπειν,
2493 3958 2658 4038 quod
2702 3961 2869 4020 solus

429 4039 740 4101 Plutarch.
785 4041 823 4100 l.
870 4061 922 4102 c.
969 4041 1251 4123 exhibet,
1313 4047 1555 4127 vulgata
1596 4050 1752 4121 ξένος
1804 4049 1913 4123 γὰρ
1956 4052 2143 4122 ἕρπει,
2214 4045 2399 4106 Paris.
2447 4046 2519 4104 A.
2562 4049 2723 4119 γένος
2762 4049 2871 4119 γὰρ

427 4129 624 4200 ἕρπειν
665 4127 941 4205 praebet.
1059 4129 1127 4188 ln
1181 4133 1582 4212 sequentibus
1637 4139 1838 4194 autem
1898 4131 2056 4193 Plut.
2108 4130 2267 4190 male
2310 4127 2451 4202 πρός
2492 4153 2552 4189 τε
2596 4131 2667 4188 τὰ
2706 4131 2869 4201 βατὰ,

431 4209 682 4270 Stobaei
708 4211 884 4272 codd.
911 4209 1174 4274 vindob.
1209 4217 1402 4296 (teste
1426 4217 1760 4278 Gaissordo
1784 4217 2062 4297 Append.
2084 4215 2158 4276 ad
2188 4213 2359 4274 Stob.
2386 4213 2599 4293 Eclog.
2615 4207 2879 4293 ι).898.)ι

428 4293 619 4355 Paris.
671 4296 738 4354 A.
771 4301 836 4356 et
867 4294 1046 4357 Voss.
1089 4299 1242 4360 ἔσται
1281 4303 1351 4362 τὰ
1373 4305 1553 4376 βατὰ,
1595 4301 1805 4363 Trinc.
1848 4305 1968 4362 ἔστε
2011 4301 2079 4362 τὰ
2120 4299 2292 4400 Quin,
2334 4298 2499 4360 unde
2540 4299 2653 4358 viri
2698 4297 2865 4357 docti

427 4399 636 4440 verum
695 4381 752 4444 re
803 4404 863 4439 τε
918 4379 1130 4456 τᾶβατα
1187 4384 1544 4446 elicuerunt.
1608 4419 1681 4429 —
1746 4385 1854 4446 Vs.
1900 4383 1960 4446 7.
2008 4385 2198 4448 Deest
2240 4383 2495 4462 syllaba,
2538 4383 2653 4445 nisi
2700 4380 2869 4442 forte

426 4481 638 4523 versus
679 4465 1028 4542 corruptior
1068 4471 1185 4528 est.
1254 4466 1344 4527 Ad
1388 4469 1664 4531 lacunam
1694 4470 2052 4550 explendam
2084 4470 2335 4528 Grotius
2382 4469 2538 4527 male
2580 4465 2869 4546 scripsit:

426 4551 522 4604 καὶ
563 4553 704 4619 πρὸς
741 4550 812 4608 τὰ
853 4553 998 4624 βατὰ
1043 4556 1136 4612 καὶ
1181 4551 1380 4614 οὔποτ’
1428 4553 1500 4614 ἂν
1543 4559 1717 4628 πένης
1759 4554 1919 4632 ἀνήρ.
1994 4554 2295 4616 Beothius
2327 4553 2586 4614 inseruit
2613 4554 2693 4626 δὴ
2725 4568 2867 4630 pro-

425 4631 611 4690 bante
655 4631 993 4710 Brunckio,
1063 4638 1179 4697 sed
1235 4637 1296 4696 id
1351 4638 1504 4700 ferri
1560 4641 1681 4702 hoc
1732 4642 1871 4702 loco
1928 4627 2043 4699 non
2102 4657 2289 4723 posse
2345 4636 2572 4699 dudum
2634 4636 2869 4697 monuit
