3092 5200
2544 379 2611 432 IX

165 589 300 681 diit)
349 589 742 684 Euripidis,
799 595 1004 662 tertio
1060 591 1282 684 (quod
1329 615 1390 662 a.
1461 589 1544 660 lr'
1556 589 1659 662 48
1696 591 1945 664 editum
1984 595 2133 684 est)
2186 593 2599 688 reliquorum

163 753 500 838 poetarum
559 750 976 841 tragicorum
1030 747 1412 842 fragmenta
1449 705 1965 837 contineantur,
2018 755 2305 842 quarte,
2357 752 2413 820 si
2450 749 2604 820 Deo

165 899 233 970 Ο.
285 901 380 973 Μ.
439 877 805 996 placuerit,
863 901 1222 996 aliquando
1273 902 1621 1000 historiam
1666 906 2079 996 tragicorum
2118 905 2421 975 criticam
2462 903 2615 977 edi-

159 1065 328 1127 turus
385 1057 636 1147 simst‘)

299 1212 447 1284 Iam
519 1230 700 1284 vero
770 1211 902 1282 hoc
970 1213 1316 1284 volumine
1399 1235 1577 1307 quae
1644 1217 2135 1309 praestiterim,
2203 1217 2509 1308 quamvis
2564 1235 2607 1283 e

153 1367 620 1461 superioribus
681 1389 766 1438 ea
833 1371 967 1438 iam
1033 1360 1344 1439 concludi
1411 1375 1699 1462 queant,
1770 1377 1992 1442 tamen
2044 1367 2279 1463 paullo
2328 1367 2606 1439 uberius

154 1522 514 1594 dicendum
571 1525 735 1611 erit,
803 1545 894 1594 ne
965 1527 1112 1617 quis
1176 1523 1367 1617 plura
1433 1547 1474 1596 a
1527 1545 1637 1595 me
1704 1532 2104 1619 exspectet,
2180 1545 2377 1618 quam
2430 1545 2607 1618 quae

157 1677 310 1750 dare
369 1678 502 1750 vel
556 1679 748 1749 volui
801 1677 919 1784 vel
967 1682 1180 1772 potui.
1293 1680 1399 1752 Ac
1451 1681 1733 1774 primum
1791 1677 2059 1774 qpidem
2110 1678 2177 1750 id
2232 1681 2369 1772 egi,
2426 1677 2605 1774 quod

151 1837 248 1904 vir
293 1833 716 1906 immortalis
767 1837 1175 1920 memoriae,
1229 1801 1310 1904 C:
1367 1833 1863 1906 Valckenarius
1918 1835 2172 1926 (Diatr.
2227 1856 2295 1929 p.
2352 1833 2425 1906 5.
2480 1833 2605 1923 Β.)

149 1993 396 2083 cuique
463 1987 1006 2078 fragmentorum
1071 1984 1316 2054 editori
1377 1987 1698 2077 imprimis
1752 1987 2193 2078 spectandum
2250 2009 2407 2060 esse
2459 2009 2609 2058 mo-

149 2146 302 2230 nuit,
341 2148 461 2212 -ut
517 2161 612 2210 ex
667 2138 980 2210 omnibus
1033 2139 1322 2232 antiquis
1373 2137 1585 2228 libris,
1644 2161 1737 2210 ex
1774 2107 2015 2232 quibus
2048 2139 2449 2234 Aeschyleo
2494 2141 2611 2212 vel

149 2295 554 2392 Sophoclea
609 2295 956 2387 expiscari
1005 2301 1342 2387 poteram,
1397 2297 1691 2366 maxima
1746 2315 1897 2366 cum
1948 2293 2083 2366 fide
2120 2298 2321 2368 etiam
2356 2295 2607 2391 depra-

151 2453 514 2526 vatissima
553 2449 840 2542 quaevis
877 2447 1369 2520 exscriberem.
1461 2447 1601 2522 Sed
1658 2453 1969 2544 quoniam
2022 2449 2273 2546 ubique
2320 2455 2609 2547 optimas

151 2628 470 2701 quasque
522 2604 790 2675 illorum
843 2602 1165 2677 librorum
1219 2603 1555 2678 editiones
1608 2608 1673 2675 in
1740 2626 1930 2679 usum
1998 2610 2287 2695 vocavi,
2354 2606 2610 2681 factum

155 2770 282 2848 est,
341 2769 422 2831 ut
469 2759 645 2831 haud
691 2780 950 2853 paucos
997 2760 1228 2845 locos,
1285 2763 1396 2853 qui
1447 2761 1749 2855 corrupti
1799 2770 1956 2833 ante
2020 2760 2603 2834 circumfereban-

75 2899 126 2947 ‘
155 2926 285 3005 tur,
373 2939 420 2987 e
493 2913 695 2985 codd.
783 2916 1242 2989 correctiores
1309 2914 1522 2987 edere
1591 2935 1889 3010 possem.
2032 2914 2183 2987 Nec
2246 2917 2611 3009 pauciores

159 3074 463 3143 virorum
515 3069 1083 3157 doctissimorum,
1140 3069 1442 3163 Bergkii‚
1495 3068 1852 3158 Boeckhii,
1909 3068 2251 3159 Ellendtii,
2306 3068 2387 3142 G.
2430 3070 2609 3141 Her-

159 3229 415 3315 manni,
476 3222 803 3297 Lobeckii
823 3276 842 3311 ‚
898 3222 1263 3314 Meinekii,
1318 3222 1410 3295 A.
1450 3220 1761 3313 Nauckii,
1814 3222 2215 3312 aliorum'u‘)
2254 3227 2607 3295 coniectu-

225 3605 275 3677 ⁸)
319 3608 469 3661 ilaec
512 3622 583 3659 ex
628 3610 779 3677 parte
824 3620 855 3658 e
901 3602 1232 3675 praefatione
1277 3602 1526 3659 volumini
1572 3602 1639 3659 11.
1683 3604 2005 3677 praemissa,
2052 3604 2105 3660 iu
2149 3620 2281 3676 qua,
2340 3620 2495 3675 quum
2546 3604 2600 3659 id

327 3710 506 3779 primo
547 3706 676 3762 loco
719 3706 774 3761 in
819 3704 990 3761 lucem
1035 3704 1384 3776 emitteretur,
1431 3706 1500 3761 de
1543 3706 1775 3763 consilio
1804 3713 1970 3778 atque
1990 3704 2197 3763 ratione
2226 3704 2391 3763 totius
2420 3706 2605 3778 operis

327 3808 704 3881 exponendum
749 3813 894 3875 erat,
939 3806 1126 3863 iterata
1170 3815 1320 3866 sunt:
1379 3824 1604 3877 nam‚ea
1650 3809 1755 3865 hoc
1796 3808 1921 3865 loco
1966 3807 2003 3865 i.
2051 3825 2101 3863 e.
2146 3814 2393 3881 tanquam
2423 3808 2477 3865 in
2508 3814 2602 3869 to-

323 3910 434 3965 tius
479 3908 664 3982 operis
710 3908 886 3964 fronte
931 3906 1102 3963 omitti
1149 3924 1252 3964 non
1296 3925 1461 3982 posse
1507 3910 1892 3980 existimabam,
1938 3910 2250 3983 praesertim
2295 3926 2453 3981 quum
2496 3924 2601 3963 ve-

327 4026 512 4080 rerer,
573 4026 644 4067 ue
685 4010 934 4065 volumen
978 4006 1044 4063 ll.
1091 4021 1198 4063 uon
1241 4008 1294 4063 in
1339 4006 1601 4079 emnium,
1656 4016 1919 4081 quotquot
1973 4012 2055 4067 his
2109 4011 2365 4083 gaudent
2386 4008 2604 4081 studiis,

324 4128 512 4170 manus
557 4110 820 4169 venisset.

201 4232 278 4303 w)
322 4232 498 4289 Unius
542 4230 719 4287 Bothii
766 4229 1033 4286 editiones
1089 4230 1498 4304 Fragmentorum
1545 4230 1837 4302 Aeschyli,
1894 4230 2181 4306 Sophoclis
2237 4240 2293 4289 et
2332 4232 2600 4306 Euripidis

323 4340 404 4399 (a.
449 4328 608 4389 1844
657 4348 740 4403 sq.
775 4331 982 4403 Lipsiae
1027 4332 1342 4407 publicatas)
1388 4350 1492 4389 non
1538 4334 1752 4407 respexi
1800 4340 1855 4390 et
1898 4335 2065 4391 semel
2108 4335 2469 4406 pervolutatas
2511 4333 2597 4388 vel

319 4438 516 4493 iterum
577 4433 844 4507 inspicere
904 4435 1054 4489 nefas
1110 4436 1316 4506 putavi:
1385 4466 1471 4476 —
1517 4454 1689 4506 neque
1737 4435 1981 4507 equidem
2026 4436 2239 4502 dubito,
2296 4434 2417 4503 quin
2464 4450 2599 4490 nunc

318 4540 498 4611 ipsum
527 4536 734 4609 pigeat,
771 4536 904 4591 tales
931 4534 1104 4593 libros.
1131 4536 1385 4592 edidisse.
1451 4536 1565 4593 Uno
1596 4545 1793 4595 tantum
1824 4536 1947 4593 loco
1976 4537 2201 4608 (Aesch.
2236 4535 2391 4605 irgm.
2424 4530 2594 4606 301.)

315 4640 440 4695 eius
487 4638 808 4695 mentionem
855 4638 994 4706 ieci,
1041 4654 1196 4708 quum
1243 4640 1296 4693 in
1319 4638 1669 4708 praefatione
1714 4638 1777 4692 ad
1826 4636 2079 4703 Aeschyli
2128 4636 2417 4706 fragmenta
2458 4635 2593 4691 reli-
