3092 5200
463 373 508 423 X

462 586 582 670 ris,
641 605 810 678 quas
865 581 976 652 bic
1029 581 1170 652 illic
1227 600 1504 675 sparsas
1559 582 1829 664 curiose
1884 583 2309 675 conquisivi,
2380 589 2453 651 et
2502 586 2673 654 meis
2726 582 2899 654 haud

466 741 711 832 parcis,
781 735 1004 829 quoad
1057 757 1182 830 per
1217 699 1484 828 ingenii
1554 735 2003 806 infirmitatem
2056 735 2265 822 licuit,
2320 731 2899 835 emendatisssunu

463 896 688 988 itaque
743 913 948 986 spero
1003 891 1156 962 fore
1177 943 1197 981 ,
1249 899 1322 962 ut
1368 889 1711 983 Aeschyli
1766 897 1837 960 et
1874 888 2235 984 Sophoclis
2292 869 2669 984 fragmenta
2726 915 2901 963 nunc

463 1029 734 1102 tandem
785 1032 950 1124 ipsis
1005 1028 1396 1100 auctoribus
1451 1027 1752 1121 dignius,
1808 1049 2005 1121 quam
2060 1027 2279 1098 adhuc
2333 1028 2583 1100 factum
2638 1039 2779 1114 est,
2834 1035 2899 1100 in

461 1185 686 1256 lucem
751 1185 1104 1278 prodeant.
1233 1182 1530 1272 Quorum
1600 1187 1669 1254 in
1740 1191 1931 1254 textu
1998 1205 2257 1276 graeco
2329 1183 2679 1291 exarando
2750 1208 2899 1256 eam

463 1339 690 1433 legem
741 1339 896 1412 mihi
951 1341 1172 1434 posui,
1227 1348 1297 1410 ut
1354 1339 1567 1410 verba
1622 1343 1721 1410 sic
1778 1338 2199 1420 exhiberem,
2258 1341 2355 1411 uti
2404 1343 2473 1410 in
2528 1339 2727 1412 codd.
2768 1362 2899 1411 ex-

463 1503 642 1582 tant,
697 1479 1208 1568 emendationes
1263 1503 1510 1580 autem,
1568 1493 1678 1565 ubi
1734 1496 2171 1566 necessariae
2226 1503 2454 1584 eram,
2508 1491 2681 1568 infra
2738 1496 2899 1566 sub-

463 1654 778 1740 iicerem,
847 1652 1268 1745 paucissimis
1321 1649 1494 1720 locis
1547 1651 1901 1744 exceptis,
1974 1649 2168 1722 velut
2216 1649 2473 1724 Aesch.
2533 1648 2731 1743 frgm.
2774 1649 2900 1739 66,

463 1828 568 1879 vs.
621 1805 680 1876 l.
762 1803 970 1900 Soph.
1011 1804 1210 1898 frgm.
1252 1801 1456 1891 354.,
1509 1807 1577 1876 ἰιι
1632 1787 1899 1897 quibus,
1952 1826 2154 1898 quum
2206 1804 2550 1876 lenissima
2604 1827 2689 1876 ac
2744 1829 2903 1878 cer·
3021 1831 3023 1840 ·

463 1963 717 2034 tissima
773 1959 922 2030 fere
977 1958 1310 2034 medicina
1363 1962 1629 2032 restitui
1680 1968 1987 2053 possent,
2045 1982 2165 2031 eas
2216 1963 2283 2032 in
2334 1969 2593 2034 textum
2640 1964 2897 2054 recepi

461 2113 726 2207 Ubique
779 2114 978 2184 simul
1015 2122 1086 2184 et
1117 2100 1546 2207 scriptorum,
1604 2113 1845 2207 quibus
1890 2113 2288 2208 Aeschylon
2346 2113 2461 2184 vel
2506 2113 2897 2208 Sophoclea
3024 2121 3027 2130 ’

466 2268 841 2359 debebam,
909 2278 980 2339 et
1033 2269 1315 2342 aliorum
1367 2267 1587 2340 verba
1642 2271 1959 2363 apposui,
2030 2270 2087 2342 si
2152 2269 2309 2364 quid
2361 2273 2443 2342 iis
2510 2269 2593 2341 ad
2647 2281 2898 2364 poetae
3025 2295 3026 2304 ¹

461 2425 678 2496 verba
729 2422 1190 2518 intellegenda
1224 2423 1342 2495 vel
1379 2423 1777 2496 illustranda
1814 2423 2307 2496 continebatur.
2378 2424 2645 2496 Deinde
2694 2448 2897 2521 quum

463 2588 532 2653 et
584 2579 800 2654 libros
853 2579 937 2663 ab
993 2579 1143 2651 aliis
1197 2581 1549 2674 inspectos
1600 2582 1985 2653 accuratius
2032 2579 2551 2675 perlustrassem
2587 2589 2657 2651 et
2690 2602 2901 2675 quos-
3025 2606 3026 2613 ¹

463 2734 616 2807 dam
679 2760 720 2807 a
785 2736 1124 2830 prioribus
1187 2735 1558 2809 editoribus
1624 2736 1920 2809 nondum
1986 2740 2053 2807 in
2122 2758 2311 2809 usum
2382 2745 2671 2807 vocatas
2738 2760 2899 2831 per·-

463 2894 857 2985 quisissem‚
929 2895 1213 2984 contigit
1263 2892 1464 2977 mihi,
1513 2870 1623 2961 'ut
1676 2890 2206 2985 fragmentorum
2272 2912 2616 2963 numerum
2672 2893 2899 2963 multis
3014 2938 3027 3001 Δ

463 3069 723 3139 augere
757 3055 827 3117 et
859 3068 1110 3120 novam
1139 3045 1500 3142 Sophoclis
1539 3046 1833 3139 fabulam
1874 3046 2131 3127 addere
2166 3068 2464 3141 possem.
2538 3048 2895 3121 Postremo
3024 3004 3026 3011 Ι

463 3202 822 3295 diligenter
874 3203 1242 3298 explorare
1299 3202 1563 3292 studui,
1629 3224 1965 3296 quaenam
2018 3201 2268 3273 fuerint
2322 3200 2733 3294 singularum
2790 3203 2898 3273 fa-

462 3357 767 3429 bularum
829 3366 1227 3449 argumenta
1309 3366 1376 3427 et
1443 3376 1577 3450 qua
1662 3362 1927 3429 ratione
1996 3379 2035 3427 a
2088 3359 2311 3451 poetis
2372 3358 2505 3427 sint
2576 3356 2898 3450 disposita

463 3520 662 3605 atque
717 3509 1182 3593 conformata,
1253 3534 1451 3604 quum
1506 3520 1577 3582 et
1628 3512 1931 3604 plurimis
1984 3511 2156 3581 locis
2209 3510 2739 3603 fragmentorum
2795 3515 2899 3581 in-

465 3667 1011 3759 terpretationem
1065 3663 1222 3753 inde
1278 3664 1581 3759 pendere
1634 3674 1705 3735 et
1760 3688 1843 3735 ea
1898 3688 1976 3737 re
2030 3666 2247 3738 solum
2296 3665 2381 3738 de
2416 3674 2666 3760 poetae
2700 3668 2901 3759 inge-

463 3824 574 3892 nio
625 3818 940 3890 iudicium
1005 3818 1152 3891 fieri
1221 3840 1428 3913 posse
1493 3818 1673 3891 bene
1742 3819 2235 3914 intellegerem.
2358 3822 2565 3914 Atqui
2634 3824 2700 3890 in
2765 3819 2900 3890 illis

462 3974 864 4069 indagandis
917 3994 1054 4047 non
1106 3978 1304 4049 vanis
1357 3977 1767 4050 coniecturis
1822 3976 2049 4049 locum
2102 3973 2280 4063 dedi,
2338 3974 2461 4049 sed
2514 3974 2607 4047 ibi
2648 3982 2901 4047 tantum

466 4128 550 4200 de
616 4139 1012 4222 argumento
1078 4130 1296 4225 deque
1375 4134 1675 4217 ratione,
1754 4152 1885 4225 qua
1963 4130 2183 4224 aliqua
2264 4127 2490 4201 fabula
2573 4128 2898 4200 adornata

637 4542 772 4595 quos
815 4525 1052 4583 editores
1097 4527 1232 4583 fastu
1278 4516 1585 4600 despiciens
1628 4529 2047 4584 emendationem
2096 4546 2239 4584 suam
2286 4536 2543 4601 tanquam,
2574 4548 2667 4601 pro
2710 4546 2812 4585 exe
2878 4559 2904 4569 -

633 4626 723 4696 plo
767 4626 1018 4696 attulerit,
1069 4644 1168 4698 qua
1218 4628 1426 4686 ratione
1469 4630 1684 4687 omnino
1730 4632 2033 4701 Aeschylus
2078 4630 2433 4687 emendandus
2476 4632 2561 4687 sit.
