3092 5200
503 333 654 407 ΜΛ
1574 330 1896 413 smmffi

365 510 380 519 “
507 544 806 610 Σοφοκλῆς
849 537 1081 609 Δόλοψι.
1131 534 1494 609 καταπτηχής.
1579 534 1718 603 ,Nec
1750 534 2241 614 improbabiliter
2268 535 2541 616 Toupius
2570 535 2643 595 ad
2670 534 2904 596 Theocr.

509 642 566 701 p.
611 618 740 681 410
781 620 938 701 apud
987 620 1356 699 Sophoclem
1403 620 1599 680 fuisse
1642 617 1939 680 coniecit:

1722 743 1945 831 ὥσπερ
2002 746 2209 826 λαγῶς

1048 844 1300 923 εὐναῖος
1355 851 1476 935 εἴη,
1531 846 2137 941 δράπετινοστὲγην
2190 848 2375 928 ἔχων.

1555 1082 1623 1141 ιι
1671 1076 1884 1161 (1780

677 1220 892 1299 cyrilli
949 1221 1063 1279 lex.
1123 1217 1306 1278 MSS.
1359 1238 1411 1277 -a
1468 1218 1753 1279 Schowio
1820 1217 1937 1297 (ad
1992 1218 2263 1297 Hesych.
2322 1237 2381 1296 p.
2434 1212 2579 1277 781.
2638 1222 2754 1277 not.
2806 1211 2913 1291 15.)
2960 1246 2969 1257 ·

505 1306 756 1365 citatum
798 1304 956 1364 haec
1001 1302 1221 1363 habetz
1263 1312 1318 1363 Χ
1327 1300 1605 1377 αμευνά
1618 1324 1631 1337 ·
1676 1304 1712 1375 ἢ
1759 1306 1852 1362 ἐπὶ
1892 1310 2003 1377 γῆς
2034 1306 2359 1367 κατάκλισις.
2448 1306 2545 1362 καὶ
2586 1303 2647 1362 τὸ
2685 1304 2914 1361 ταπεινὸν

504 1394 790 1461 κλινίδιον,
837 1387 1172 1462 χαμεύνῃ.
1261 1394 1562 1460 Σοφοκλῆς
1604 1386 1837 1459 Δόλοψι.
2296 1415 2304 1425 ·

1017 1908 1544 1973 ΕΛΕΝΗΣ
1632 1906 2439 1973 ΑηΑιΤΗΣιΣ
2562 1878 2573 1889 ’

672 2108 970 2183 Fabulas‚
1051 2107 1272 2187 quibus
1329 2104 1591 2167 Helenae
1654 2106 1912 2166 historia
1982 2110 2335 2184 argumenta
2402 2102 2829 2186 suppeditavit,
2886 2121 2912 2160 a

503 2194 808 2261 Brunckio
863 2200 930 2253 et
971 2192 1287 2252 Dindorfio
1343 2193 1404 2250 in
1457 2210 1634 2251 unam
1682 2192 2033 2250 coniunctas
2068 2190 2270 2267 primi
2326 2187 2491 2250 bene
2548 2192 2913 2271 segregarunt

502 2276 624 2337 Th.
671 2276 968 2356 Bergldus
1024 2277 1126 2353 (in
1170 2277 1647 2335 Zimmermanni
1704 2274 1866 2334 Diar.
1917 2273 2160 2353 Antiqu.
2220 2293 2271 2335 a.
2322 2269 2511 2335 1836.
2570 2295 2629 2354 p.
2672 2270 2769 2335 76.
2811 2272 2911 2351 sq.)

504 2373 569 2420 et
597 2360 886 2421 Welcker
917 2360 1130 2439 (Trag.
1164 2362 1271 2419 Gr.
1317 2380 1376 2439 p.
1412 2357 1555 2419 117.
1589 2360 1730 2438 sq.).
1778 2358 1933 2418 Sunt
1960 2376 2105 2419 vero
2136 2366 2296 2418 tres:
2334 2358 2610 2435 Ἑλένης
2638 2356 2907 2437 ἁρπαγζή,

504 2445 674 2505 cuius
719 2445 1074 2504 memoriam
1119 2445 1306 2520 solus,
1350 2446 1454 2523 qui
1486 2444 1689 2505 Aiacis
1733 2450 2150 2523 argumentum
2196 2441 2467 2521 scripsit,
2511 2443 2909 2524 grammaticus

503 2530 784 2603 servavit,
820 2530 1090 2602 Ἑλένης
1133 2530 1517 2602 ἀπαίτησις
1560 2535 1626 2589 et
1658 2530 1934 2602 Ἑλένης
1974 2531 2225 2602 γάμος,
2268 2528 2523 2606 quarum
2569 2530 2749 2590 etiam
2778 2542 2910 2586 nunc

501 2613 792 2674 nonnulla
832 2613 1175 2692 fragmenta
1218 2621 1567 2695 supersunt.
1657 2613 1837 2674 Nulla
1890 2631 2036 2673 vero
2092 2613 2457 2692 simpliciter
2490 2616 2677 2690 Ἑλένη
2726 2609 2911 2674 inscri-

499 2707 607 2780 pta
647 2698 785 2772 fuit,
831 2697 942 2758 sed
988 2699 1352 2759 scholiastes
1396 2699 1823 2778 Aristophanis
1884 2697 1998 2765 (cf.
2044 2697 2190 2777 fgm.
2236 2697 2371 2775 11.),
2416 2700 2522 2778 qui
2568 2719 2699 2762 eam
2743 2699 2910 2758 citare

502 2783 864 2863 quibusdam
908 2783 1167 2856 videtur,
1211 2782 1455 2844 fabulae
1497 2803 1820 2862 personam
1864 2800 1977 2862 pro
2023 2783 2226 2842 fabula
2269 2782 2401 2862 ipsa
2446 2784 2798 2856 nominauit,
2847 2779 2913 2838 de

502 2889 622 2948 quo
666 2888 838 2930 more
883 2889 940 2949 p.
991 2865 1116 2928 174
1158 2866 1519 2928 monuimus.
1610 2867 1779 2927 Fieri
1823 2873 2025 2927 autem
2069 2868 2165 2928 vix
2210 2875 2436 2947 potest,
2482 2875 2551 2929 ut
2594 2869 2745 2932 certi
2787 2862 2911 2946 quid

373 3021 382 3029 =
501 2955 581 3014 dc
627 2973 834 3013 earum
881 2953 1254 3031 argumentis
1299 2959 1628 3024 statuatur;
1703 2951 1851 3012 nihil
1898 2953 2083 3031 igitur
2139 2963 2238 3013 est
2291 2952 2627 3031 reliquum,
2696 2951 2810 3014 nisi
2856 2953 2914 3007 ut

500 3037 892 3098 Welckerum
941 3036 1260 3098 admodum
1306 3036 1711 3118 probabiliter
1753 3039 1831 3096 ‹le
1873 3037 1949 3096 iis
1995 3036 2405 3118 disputantem
2450 3057 2788 3120 sequamur.

671 3155 762 3216 Ac
804 3155 1064 3235 primum
1109 3155 1354 3234 quidem
1387 3157 1666 3232 Ἑλένης
1710 3157 2121 3229 ἀπαίτησις,
2162 3156 2244 3216 de
2288 3175 2405 3236 qua
2433 3157 2499 3216 h.
2532 3159 2571 3220 l.
2615 3153 2911 3218 dicendum

499 3249 629 3316 est,
684 3245 886 3302 utrum
951 3239 1026 3300 ad
1081 3241 1515 3321 repetitionem
1572 3261 1609 3301 a
1651 3239 1965 3314 Troianis,
2020 3247 2339 3321 postquam
2395 3250 2737 3323 expugnata
2796 3242 2914 3298 erat

500 3328 678 3400 urbs,
733 3327 1132 3406 pertinuerit,
1191 3346 1264 3386 an
1311 3325 1654 3406 Sophocles
1698 3327 1930 3404 pariter
1982 3337 2165 3404 atque
2208 3325 2543 3404 Euripides
2586 3326 2911 3390 Menelaum

499 3431 622 3472 non
660 3412 966 3472 inventam
1011 3411 1238 3472 Troiae
1281 3411 1581 3474 Helenam
1624 3409 1685 3469 in
1732 3413 2087 3490 Aegypto-a
2134 3409 2360 3470 Proteo
2402 3419 2785 3490 repetentem
2832 3405 2909 3466 se·

501 3495 688 3569 cerit,
753 3495 1052 3554 dubitavit
1119 3495 1276 3554 God.
1330 3495 1717 3554 Hermannus
1770 3494 2025 3572 (Praef.
2082 3495 2159 3553 ad
2216 3495 2363 3554 Eur.
2418 3495 2561 3558 Hel.
2616 3518 2675 3576 p.
2719 3490 2910 3566 XVI.)-

499 3576 840 3636 verissime
896 3586 1100 3636 autem
1151 3577 1443 3637 Welcker
1497 3599 1557 3656 p.
1604 3573 1731 3636 118
1783 3579 2045 3650 monuit,
2118 3598 2233 3638 nec
2297 3587 2541 3642 veteres
2600 3580 2909 3658 scriptores

499 3659 578 3720 de
620 3657 859 3718 Helena
913 3665 1056 3738 post
1107 3657 1277 3720 urbis
1331 3662 1838 3739 expugnationem
1900 3660 2162 3741 repetita
2218 3663 2552 3729 memoriae
2606 3663 2909 3744 quidquam

501 3741 855 3815 mandasse,
896 3761 1012 3802 nec
1056 3743 1312 3802 alterum
1355 3744 1504 3805 illud
1550 3755 1970 3823 argumentum
2014 3747 2233 3806 rationi
2279 3747 2606 3827 Sophoclis
2648 3745 2911 3830 poeticae

497 3827 842 3889 convenire.
928 3827 1138 3906 ltaque
1177 3827 1308 3887 veri
1351 3847 1492 3889 esse
1534 3828 1813 3900 similius,
1858 3831 2259 3909 Sophoclem,
2306 3841 2373 3893 ut
2414 3835 2479 3893 in
2523 3835 2727 3896 multis
2769 3829 2907 3898 aliis,

495 3915 583 3974 ita
624 3913 686 3973 in
731 3911 848 3972 hac
893 3911 1099 3973 fabula
1140 3911 1396 3974 Homeri
1441 3914 1849 3975 narrationem
1908 3933 2047 3976 esse
2104 3924 2401 3978 secutum.
2490 3919 2549 3980 is
2604 3919 2763 3980 enim
2814 3911 2905 3990 (ll-

495 3997 596 4070 111,
636 3992 782 4057 205.
827 4015 920 4077 sq.
1007 3997 1146 4058 coll.
1189 3997 1331 4074 Vll,
1374 3993 1519 4059 347.
1567 4019 1659 4079 sq.
1745 4000 1861 4074 xi,
1909 3995 2051 4062 123.
2099 3996 2270 4081 138.)
2315 4003 2531 4077 tradit,
2576 4001 2907 4064 Menelaum

495 4087 564 4142 et
602 4081 878 4158 Ulixem,
935 4088 1004 4141 ut
1043 4081 1346 4144 Helenam
1390 4090 1457 4145 et
1498 4103 1650 4165 opes
1690 4091 2083 4164 repeterent,
2142 4085 2393 4147 Troiam
2434 4087 2677 4149 venisse
2716 4084 2907 4161 ibique

493 4165 885 4244 hospitaliter
925 4165 1002 4225 ab
1049 4166 1360 4228 Antenore
1413 4177 1741 4251 exceptos,
1796 4170 1909 4230 sed
1955 4171 2314 4231 Antimacho
2368 4177 2619 4234 auctore
2672 4171 2735 4232 in
2787 4169 2913 4309 ἰιόἒῦ

493 4249 832 4328 principum
879 4249 1177 4311 concione
1219 4249 1356 4310 fere
1397 4253 1762 4314 interemtos
1806 4273 1966 4316 esse.
2054 4255 2232 4316 Adde
2286 4254 2492 4318 Schol.
2536 4255 2729 4329 11.111‚
2770 4249 2807 4311 2
2888 4291 2901 4306 ·

492 4335 602 4408 πρὸ
643 4341 744 4394 τοῦ
789 4339 1119 4407 στρατεῦσαι
1159 4357 1292 4398 τους
1317 4335 1585 4408 Ἕλληνας
1630 4344 1710 4403 εἰς
1756 4347 1969 4411 Τροίαν
2008 4336 2191 4412 ἦλθον
2231 4342 2487 4415 πρέσβεις
2505 4339 2795 4402 Ὀδυσσεὺς
2820 4333 2905 4392 ’⁶012

493 4422 787 4486 Μενέλαος
839 4420 1316 4484 ἀπαιτοῦντες
1361 4417 1735 4496 Ἑλένην,’ἐν
1775 4427 1862 4490 οἷς
1902 4431 2010 4484 τῶν
2052 4422 2230 4482 ἄλλων
2272 4426 2485 4492 αὐτοὺς
2524 4424 2661 4500 μεθ’
2708 4421 2905 4496 ὕβρεως

493 4501 804 4574 διωξάντων
845 4503 1016 4576 μόνος
1049 4501 1318 4576 Ἀντήνωρ
1361 4511 1569 4584 ξενίζει
1610 4511 1977 4582 φιλοφρόνως.
2020 4542 2106 4554 -
2135 4541 2217 4554 -
2245 4507 2374 4570 Ὅτε
2418 4511 2524 4584 γὰρ
2566 4513 2629 4569 ἐκ
2674 4505 2901 4568 Τενέδου

489 4584 897 4660 ἐπρεσβεύοντο
942 4593 999 4647 οὶ
1040 4591 1174 4664 περὶ
1193 4591 1508 4664 Μενέλαον,
1550 4591 1670 4652 τότε
1708 4592 2043 4668 Ἀντήνωρ
2085 4594 2116 4654 ὁ
2150 4593 2453 4662 Ἱκετάονος
2498 4596 2645 4672 (leg.
2677 4585 2903 4650 ‘Eludw
