3092 5200
482 404 637 481 336
1546 402 1868 483 Sophoclis

482 616 627 673 sunt
666 609 885 690 posita,
950 626 1134 687 quum
1192 625 1271 667 ne
1314 625 1388 667 ea
1432 604 1714 684 quidem,
1771 606 1991 685 quibus
2048 606 2207 667 alter
2264 612 2446 686 poeta
2493 608 2572 667 ab
2617 610 2818 669 altero
2865 612 2936 669 in

483 695 703 759 eodem
746 698 1101 773 argumento
1143 690 1463 753 tractando
1506 690 1872 752 discessisse
1899 691 2101 751 fertur
2119 688 2233 764 82),
2277 692 2366 751 ita
2399 700 2749 771 comparata
2780 694 2929 761 sint.

482 787 550 841 nt
610 778 755 840 inde
822 785 1059 839 certum
1124 774 1204 839 de
1267 777 1459 837 totius
1531 770 1775 837 fabulae
1841 776 2287 855 compositione
2352 776 2641 837 iudicium
2709 778 2929 840 facere

480 882 791 945 queamus.
880 861 1111 938 Quodsi
1156 880 1290 921 eam
1335 860 1686 921 hominibus
1730 860 2108 921 doctioribus
2163 862 2575 922 extricandam
2632 863 2929 943 relinqui-

478 967 635 1025 mus,
682 966 802 1008 non
845 964 1168 1027 possumus
1212 952 1417 1006 tamen
1462 946 1796 1006 Hermanni
1841 953 1908 1007 et
1949 945 2281 1007 Frilzschii
2323 947 2688 1007 sententiam
2735 950 2925 1009 silen-

478 1035 567 1096 tio
610 1032 1111 1113 praetermittere
1156 1030 1485 1110 Sophoclis
1526 1029 1768 1091 Nioben
1812 1031 1977 1089 inter
2019 1030 2294 1091 dramata
2335 1032 2600 1109 satyrica
2641 1032 2928 1095 referen-

478 1119 651 1193 tium.
762 1116 1042 1195 Uterque
1097 1116 1259 1176 euim
1317 1116 1538 1175 haeret
1588 1116 1653 1175 in
1706 1114 2068 1195 fragmentis
2123 1115 2230 1189 111,
2277 1116 2391 1190 lv,
2440 1116 2578 1191 Vll,
2625 1116 2796 1191 Vln,
2845 1120 2922 1181 X.

479 1202 609 1265 Sed
650 1196 769 1263 nec
809 1220 1025 1263 vocum
1068 1201 1379 1275 δερμηστὴς
1422 1207 1489 1262 et
1511 1200 1747 1274 Ἔλυμοι
1790 1200 1953 1260 αὐλοὶ
2007 1202 2505 1262 commemoratio
2560 1200 2922 1264 offensionis

476 1287 807 1367 quidquam
850 1286 1071 1358 habet,
1116 1304 1315 1365 neque
1358 1285 1506 1365 fgm.
1553 1285 1648 1359 ΙΙΙ,
1697 1282 1799 1360 lV,
1845 1286 2114 1364 quamvis
2159 1305 2232 1347 ex
2279 1286 2354 1344 iis
2399 1306 2668 1348 amorem
2716 1290 2918 1366 pueri—

358 1440 366 1461 ,
476 1375 601 1433 lem
659 1373 723 1433 in
776 1370 895 1431 hac
950 1370 1156 1430 fabula
1210 1368 1624 1430 introductum
1679 1388 1820 1429 esse
1877 1378 2182 1449 appareat.
2273 1370 2428 1431 Nam
2496 1378 2566 1430 ut
2617 1371 2784 1434 idem
2842 1374 2915 1433 ab

361 1468 367 1475 ‘
479 1456 792 1536 Aeschylo
832 1456 898 1516 in
941 1453 1429 1533 Myrmidonibus
1474 1453 1585 1532 (cf.
1629 1454 1855 1516 Aesch.
1899 1454 2048 1537 fgm.
2094 1449 2300 1528 131.),
2345 1474 2501 1533 quae
2545 1454 2752 1517 fabula
2796 1464 2915 1518 tra-

477 1540 700 1620 goedia
739 1540 877 1616 fuit,
918 1539 1151 1601 factum
1196 1557 1336 1599 esse
1379 1545 1710 1613 taceamus,
1755 1539 1920 1599 haud
1963 1538 2149 1600 dubie
2194 1538 2357 1599 alius·
2393 1538 2512 1601 fuit
2553 1560 2726 1601 amor
2766 1561 2911 1620 pue-

477 1625 613 1686 rilis
654 1646 693 1687 a
732 1624 934 1704 poetis
978 1622 1359 1705 descriptus,
1404 1623 1591 1697 alius,
1644 1642 1826 1702 quem
1868 1624 2247 1704 posteriores
2293 1626 2630 1703 scriptores
2674 1644 2750 1687 eo
2803 1646 2906 1686 no-

478 1710 646 1771 mine
690 1709 1127 1789 significarunt.
1218 1708 1369 1769 Nam
1422 1705 1583 1787 quod
1637 1708 1761 1769 illis
1804 1709 2130 1771 honestum
2172 1706 2295 1769 fuit
2348 1728 2419 1769 ac
2463 1708 2646 1772 laude
2683 1710 2898 1789 dignis·

480 1796 701 1860 simum
725 1791 849 1872 81Ι),
906 1796 983 1854 ab
1028 1795 1127 1856 his
1170 1793 1231 1853 in
1277 1793 1495 1853 malam
1540 1798 1778 1872 partem
1821 1800 2142 1873 acceptum
2189 1801 2305 1869 est,
2355 1801 2425 1855 ut
2465 1794 2900 1869 adolescentes,

478 1897 631 1958 quos
675 1880 766 1941 illi
810 1878 1195 1941 sanctissimo
1238 1878 1463 1939 amoris
1506 1885 1574 1939 et
1614 1878 1952 1941 animorum
1995 1886 2279 1956 tanquam
2324 1878 2564 1939 vinculo
2603 1880 2906 1941 consocia-

474 1971 575 2025 tos
628 1963 973 2043 fingebant,
1029 1964 1468 2043 flagitiosamm
1526 1961 1844 2023 libidinum
1885 1964 2276 2023 consortione
2319 1964 2677 2028 coniunctos
2724 1966 2910 2025 fuisse

476 2048 839 2128 cogitarent.
928 2048 1271 2128 Sophocles
1314 2053 1519 2113 nutem
1565 2066 1834 2109 amorem
1877 2048 2060 2110 istum
2105 2048 2167 2107 in
2212 2047 2479 2109 fabulam
2521 2047 2912 2111 introducere

478 2132 679 2194 ferme
724 2141 971 2194 coactus
1014 2132 1153 2207 fuit,
1197 2134 1338 2211 quia
1381 2152 1511 2194 rem
1544 2132 1784 2192 Thebis
1829 2132 1926 2211 agi
1955 2132 2112 2193 fecit
2155 2131 2338 2211 (fgm.
2370 2132 2464 2209 1.),
2507 2132 2572 2192 in
2609 2152 2730 2212 qua
2759 2135 2910 2195 urbe

474 2224 657 2297 turpe
698 2217 819 2279 fuit
864 2237 1053 2297 puero
1096 2226 1430 2279 amatorem
1461 2235 1582 2276 non
1612 2217 1938 2278 invenisse.
1997 2216 2078 2277 cf.
2111 2215 2264 2277 Plat.
2297 2217 2538 2277 courir.
2573 2236 2630 2296 p.
2665 2212 2815 2278 182.
2847 2220 2912 2277 B.

428 2302 633 2363 .Xen.
679 2302 867 2364 Conv.
914 2301 1073 2373 vlu,
1117 2297 1223 2367 34,
1310 2301 1438 2362 Cic.
1486 2300 1642 2379 Rep.
1686 2300 1790 2376 lv,
1836 2300 1895 2361 4.
1941 2307 2063 2361 etc.
2151 2300 2674 2377 Quemadmodum
2728 2304 2914 2382 igitur

473 2385 835 2465 fragmentis
877 2387 973 2448 111.
1020 2385 1123 2446 lV.
1181 2404 1304 2446 non
1358 2385 1435 2445 ad
1490 2402 1786 2464 procaces
1840 2394 2178 2463 sa'lyrorum
2222 2385 2916 2467 libidines-statuendas

473 2471 907 2551 propellimur,
977 2471 1065 2531 ita
1133 2490 1170 2531 e
1221 2470 1437 2549 fragm.
1482 2469 1572 2529 lv
1625 2469 2013 2530 Her-mannus
2069 2470 2362 2548 colligere
2431 2488 2553 2529 uon
2618 2469 2917 2545 debebat,

394 2571 404 2579 ·
474 2554 709 2618 Niobes
754 2556 985 2618 liberos
1027 2556 1092 2617 in
1136 2557 1269 2635 ipsa
1311 2574 1497 2618 scena
1542 2555 1779 2615 occisos
1826 2572 1998 2616 esse:
2073 2572 2208 2614 nam
2265 2560 2688 2634 praeterquam
2750 2556 2917 2636 quod

474 2642 599 2703 tale
644 2641 792 2720 quid
834 2661 869 2700 a
911 2640 1231 2720 tragoedia
1272 2641 1510 2700 Graeca
1556 2658 1626 2698 ac
1667 2640 1996 2718 praecipue
2041 2657 2077 2698 a
2123 2639 2430 2719 Sophocle
2475 2641 2918 2702 alienissimum

346 2727 363 2740 ⁸
475 2731 595 2802 est,
635 2727 821 2788 verba
862 2722 906 2784 ὦ
948 2725 983 2765 'l‘
1024 2725 1174 2799 ἀμφ’
1224 2727 1362 2798 ἐμοῦ
1408 2731 1616 2782 στεῖλαι
1657 2723 1842 2784 facile
1886 2715 2100 2783 locum*
2130 2724 2364 2786 habere
2392 2725 2451 2784 in
2483 2725 2681 2785 nuntii
2709 2726 2919 2786 cuius-

474 2809 613 2870 dam
658 2809 1005 2872 narratione
1049 2814 1409 2889 potuerunt,
1465 2807 1599 2886 qui,
1656 2827 1836 2886 quum
1894 2806 2349 2870 accuratissime
2398 2827 2726 2890 puerorum
2771 2830 2920 2872 cae·

474 2893 617 2955 dem
686 2892 1105 2966 describeret,
1176 2894 1314 2973 ipse
1377 2893 1564 2952 verba
1629 2893 1806 2952 unius
1871 2891 2182 2954 cuiusdam
2243 2894 2524 2954 morituri
2587 2893 2916 2956 afferebat.

470 2977 909 3057 Fragmentum
936 2978 1014 3038 X.
1048 2977 1313 3056 denique
1358 2977 1436 3056 (si
1467 2975 1710 3055 quidem
1757 2983 1931 3037 recte
1971 2976 2264 3057 Sophocli
2310 2976 2623 3054 tribuitur)
2667 2978 2766 3038 vix
2803 2981 2919 3040 ulli

476 3079 617 3121 esse
659 3061 890 3140 poterit
932 3061 1278 3138 offensioni,
1328 3060 1431 3122 ubi
1476 3080 1614 3123 cum
1659 3061 1846 3121 simili
1879 3061 2167 3139 Aeschyli
2213 3061 2530 3142 (Choeph.
2564 3058 2712 3122 744.
2744 3069 2917 3142 sqq.)

469 3145 607 3205 loco
651 3151 1060 3224 comparatum
1108 3146 1247 3222 erit,
1292 3145 1354 3206 id
1401 3145 2020 3225 quod‘Hermannum
2064 3147 2262 3226 ipsum
2311 3165 2430 3206 non
2475 3144 2649 3224 fugit.
2737 3147 2920 3224 Quae

470 3248 655 3308 quum
700 3229 789 3290 ita
830 3248 901 3291 se
944 3230 1231 3305 habean‘t,
1274 3231 1337 3290 in
1380 3229 1742 3310 fragmentis
1785 3229 1937 3291 nihil
1982 3231 2165 3303 inest,
2216 3249 2336 3308 quo
2378 3231 2645 3290 fabulam
2685 3233 2915 3310 satyri-

470 3333 603 3376 cam
648 3313 843 3376 fuisse
889 3317 1212 3397 probetur-z
1284 3314 1409 3376 imo
1464 3313 1610 3393 quid
1659 3313 1894 3374 Niobae
1939 3331 2074 3374 cum
2121 3319 2458 3392 satyrorum
2505 3313 2696 3374 choro
2741 3335 2915 3376 com-

467 3389 654 3542 Xituhne
700 3417 842 3459 esse
884 3399 1364 3562 {sstuefiffimgq
1408 3399 1589 3503 facile
1620 3405 1720 3459 est
1736 3397 1822 3540 gg
1847 3397 2349 3500 intellegendum.
2414 3399 2702 3542 Agcedit,
2745 3401 2916 3506 quqd

596 3500 821 3542 enneae
1004 3504 1082 3543 m.
1210 3527 1225 3542 .
1314 3507 1374 3542 ια
1424 3507 1533 3540 των
1598 3505 1756 3560 τραγ,
1813 3505 1910 3540 cmv
1965 3516 2046 3530 -
2101 3517 2185 3528 -
2229 3517 2314 3529 —-·
2370 3505 2450 3542 πα
2507 3505 2748 3556 epactas
2881 3509 2915 3544 v

465 3568 793 3642 τραγῳδίαν)
849 3503 1321 3626 et'Ig’lutarchns
1377 3565 1558 3643 (fgm.
1603 3565 1679 3626 X.
1737 3567 1774 3638 ἡ
1817 3566 2046 3639 τραγικὴ
2099 3565 2345 3646 τρόφος)
2412 3567 2640 3646 apertis
2697 3510 2914 3630 νει-ἷηίθ

468 3666 604 3708 eam
648 3647 1021 3725 traqoediam
1064 3649 1257 3708 fuisse
1300 3655 1637 3723 testantur,
1695 3668 1852 3726 quae
1895 3649 2245 3712 testimonia
2291 3651 2782 3730 haudquaquam,
2843 3665 2916 3714 nt

464 3732 851 3793 Hermannus
908 3737 1155 3804 censet,
1212 3729 1477 3791 Pollucis
1538 3730 1664 3809 (ll,
1707 3727 1874 3811 223)
1935 3733 2174 3794 verbis:
2246 3738 2342 3795 καὶ
2393 3736 2428 3810 ἡ
2483 3742 2758 3814 τραγῳδία
2801 3740 2913 3812 τὴν

462 3817 641 3891 ἀμίδα
683 3811 936 3890 οὐράνην
978 3817 1202 3876 ἐκάλεσε
1245 3815 1680 3895 infringuntur,
1724 3834 1908 3893 quum
1953 3835 2030 3876 ex
2071 3818 2190 3879 hoc
2233 3817 2370 3879 loco
2399 3821 2603 3899 potius
2631 3820 2910 3882 fabulam

462 3906 869 3974 Συνδείπνως,
912 3899 989 3962 ad
1030 3919 1209 3982 quam
1254 3899 1467 3961 Pollux
1508 3899 1863 3980 respexisse
1905 3901 2148 3962 videtur
2189 3903 2311 3982 (cf.
2353 3903 2504 3982 fgm.
2547 3899 2743 3982 529),
2799 3925 2908 3985 pa·

463 3987 620 4050 riter
645 3987 1021 4067 tragoediam
1050 3986 1243 4049 fuisse
1272 3992 1581 4067 appareat.
1641 3983 1802 4048 Vide
1846 4005 2002 4064 quae
2041 3986 2206 4047 infra
2231 3987 2312 4048 de
2343 4007 2416 4048 ea
2443 3988 2906 4067 disputavimus.

462 4257 791 4307 Hermastus
837 4257 935 4318 (de
972 4255 1168 4305 Aesch.
1204 4255 1370 4307 Niobe
1406 4261 1531 4308 diss.
1567 4259 1712 4323 Lips.
1751 4253 1905 4310 1823.
1978 4249 2173 4320 opusc.
2209 4257 2302 4308 111.
2341 4273 2394 4320 p.
2427 4255 2514 4308 37.
2549 4264 2676 4320 σῳ).
2721 4261 2908 4312 Fries-

440 4322 636 4376 ‘scbt‘as
693 4327 799 4386 (ds
846 4326 1007 4388 soph.
1042 4324 1207 4374 Niobe
1253 4327 1405 4388 epist.
1446 4329 1643 4378 inserta
1685 4330 1876 4393 diario,
1929 4329 2012 4377 cui
2049 4340 2236 4376 nomen
2271 4327 2636 4390 Euphrosyne.
2707 4333 2906 4381 nosto-

346 4429 359 4434 -
465 4395 547 4458 011,
586 4387 781 4453 lesa).

608 4457 686 4521 ⁸²)
758 4461 893 4509 Sunt
926 4459 1061 4509 enim
1097 4460 1369 4510 admodum
1406 4475 1574 4523 pauca
1609 4475 1774 4521 eaque
1809 4463 1964 4514 levia.
2038 4463 2104 4510 οἵ.
2141 4463 2268 4528 igin.
2303 4465 2512 4516 1-111,

605 4523 683 4586 ⁸⁸)
728 4527 1085 4608 ‚Quantop'era
1119 4540 1171 4575 v.
1198 4541 1245 4576 c.
1279 4535 1433 4594 erret,
1470 4530 1517 4578 si
1555 4531 1670 4588 qula
1705 4544 1771 4579 ex
1807 4533 2002 4595 lphidis
2039 4531 2118 4588 (in
2153 4531 2280 4580 Eur.
2305 4533 2487 4593 suppl.
2525 4527 2688 4591 1098)
2721 4535 2904 4582 verbis

440 4589 675 4644 widun
717 4603 940 4659 ερασιης
978 4609 1048 4659 ην
1098 4601 1277 4656 turpes
1331 4611 1531 4646 amores
1587 4611 1618 4646 s
1670 4603 1826 4660 poeta
1874 4600 2196 4648 introductos
2249 4601 2576 4660 tabulamque
2623 4603 2904 4660 satyricam

460 4663 629 4712 fuisse
664 4665 954 4727 concludat,
989 4665 1273 4730 intelleget,
1308 4667 1397 4724 qui
1432 4666 1658 4719 fabulam
1693 4668 1828 4716 illam
1867 4668 2160 4719 cflamnnnc
2183 4671 2514 4731 superstitem
2549 4671 2842 4732 inspexerit.
2901 4661 2910 4674 '

2430 4947 2483 4999 w.
