3092 5200
405 343 551 420 186
858 339 876 350 “
1459 330 1781 414 Sophocles

1776 483 1803 512 Ο

399 572 501 623 mc
541 557 652 610 κτλ.
695 545 778 608 οἲ.
821 543 1031 606 Schol.
1077 542 1154 602 ad
1197 539 1332 602 OT.
1375 533 1522 600 205.
1569 534 2039 614 ἐνδατούμενοξῆ
2108 541 2399 609 λοιδορῶν,
2451 531 2834 609 μεμφόμενος,

397 636 540 694 κατὰ
583 635 752 708 μέρος
791 637 901 690 τῶν
943 631 1252 702 λεγομένων
1294 626 1602 684 ἀνακαλῶν.
1690 626 2044 683 ἐνδατεῖσθαι
2084 623 2193 696 γὰρ
2246 622 2309 680 τὸ
2354 627 2707 694 μερίσασθαι.
2793 621 2833 694 ἡ

399 723 460 780 δὲ
505 715 796 792 μεταφορὰ
839 715 953 775 ἀπὸ
995 721 1105 772 τῶν
1143 714 1505 785 δαινυμένων.
1573 708 1845 788 Hesych.
1892 710 2225 766 ἐνδατεῖται·
2270 707 2620 782 ampsaga.
2690 705 2837 780 Qui-

401 805 512 864 bus
557 802 710 864 locis
754 797 1159 862 consideratis
1203 814 1352 858 sane
1395 793 1789 856 scholiastam
1836 793 2137 854 erravisse
2180 790 2541 852 credibilius
2584 795 2699 849 est.

1457 979 1561 1042 lx.
1607 973 1783 1060 (18.)

571 1106 827 1168 Antiatt.
869 1080 1138 1166 bekken-1
1179 1121 1240 1181 p.
1283 1096 1391 1172 97,
1433 1095 1496 1160 4.
1559 1099 1819 1174 snae,
1874 1100 1907 1159 ὁ
1950 1099 2115 1172 ἀήρ.
2158 1104 2455 1169 Σοφοκλῆς
2498 1101 2689 1156 Aram
2732 1108 2841 1158 Ao-

399 1199 530 1270 κρῷ.
615 1191 715 1252 Cf.
757 1191 908 1252 Eur.
953 1187 1188 1248 Phoen.
1237 1181 1424 1248 1513.
1467 1202 1561 1262 sq.
1618 1190 1703 1250 τίς
1738 1185 1925 1250 Ἑλλὰς
1978 1182 2015 1258 ἢ
2070 1180 2351 1259 βάρβαρος
2392 1179 2429 1254 ἢ
2473 1188 2581 1240 τῶν
2624 1179 2843 1254 προπά-

401 1278 554 1352 ροιθ’
605 1279 904 1350 εὐγενετᾶν
944 1275 1070 1332 ἔτλα
1111 1280 1222 1332 κτλ.

573 1565 666 1624 De
717 1563 854 1624 loco
907 1561 1164 1623 Stobaei
1210 1557 1436 1630 cxlv,
1479 1553 1540 1618 6.
1618 1577 1651 1616 a
1706 1557 2009 1619 Brunckio
2068 1565 2135 1619 et
2176 1555 2493 1618 Dindorlio
2547 1555 2621 1616 ad
2678 1555 2843 1615 hanc

401 1649 670 1712 fabulam
714 1644 910 1710 relato
952 1645 1094 1707 vide
1137 1644 1296 1718 infra
1338 1643 1488 1724 fgm.
1532 1637 1679 1703 537.

1116 2113 2131 2182 ΑῙΓΕῩΣ.

579 2317 764 2398 Aeyei
808 2321 1230 2397 argumentum
1276 2314 1669 2376 Casaubonus
1714 2321 1781 2375 et
1806 2314 2083 2392 Heynius
2127 2314 2203 2373 iis
2232 2313 2531 2374 contineri
2564 2319 2841 2388 censent,

407 2423 564 2484 quac
606 2403 856 2463 tradunt
899 2401 1058 2461 Plut.
1089 2400 1192 2460 vit.
1222 2399 1415 2459 Thes.
1459 2419 1514 2462 c.
1544 2396 1609 2473 3,
1654 2397 1715 2460 7.
1762 2406 1827 2460 et
1870 2398 2149 2478 Apollod.
2180 2398 2281 2472 ΙΙΙ,
2332 2394 2430 2473 15,
2458 2394 2521 2458 6.
2566 2400 2841 2478 „Aege-o,

408 2487 688 2548 sobolem
731 2484 1106 2550 desideranti
1135 2482 1416 2562 Pythiam
1462 2485 1771 2546 oraculum
1817 2483 2107 2559 edidisse,
2154 2503 2271 2562 quo
2314 2485 2720 2564 praeceperit,
2764 2503 2843 2545 nc

407 2573 591 2637 ull-am
656 2571 826 2654 prius
893 2571 1209 2632 mulierem
1265 2545 1631 2649 attingeret,
1699 2590 1877 2651 quam
1944 2569 2219 2631 Athenas
2274 2569 2627 2649 appulisset.
2716 2570 2841 2631 Sed

408 2678 592 2737 quum
635 2658 700 2719 id
743 2675 864 2716 non
908 2656 1058 2716 satis
1102 2654 1428 2734 perspicue
1480 2654 1711 2715 dictum
1771 2657 1829 2717 ei
1872 2654 2214 2729 videretur,
2272 2654 2659 2715 'l'roesenem
2705 2673 2841 2733 pro-

405 2742 612 2805 fectus
655 2760 793 2805 cum
837 2740 1086 2802 Pittheo
1131 2738 1595 2799 communicavit
1639 2740 1936 2820 Apollinis
1980 2746 2201 2811 sortes,
2246 2740 2353 2818 qui
2394 2740 2473 2799 iis
2514 2740 2674 2801 bene
2706 2760 2842 2819 pcr-

405 2828 642 2909 spectis
684 2828 960 2905 Aegeum
1003 2825 1132 2885 sive
1173 2822 1601 2903 persuadendo
1646 2827 1775 2887 sive
1818 2824 1961 2885 dolo
2006 2824 2271 2897 adduxit,
2318 2831 2386 2883 ut
2430 2844 2565 2885 cum
2612 2826 2845 2885 Aethra

409 2912 868 2975 concumberet.
957 2910 1100 2985 Ille,
1143 2908 1249 2969 ubi
1293 2910 1627 2987 comperit,
1672 2929 1743 2971 se
1787 2928 1922 2971 cum
1968 2909 2203 2972 Pitthei
2247 2909 2373 2969 iilia
2416 2910 2844 2981 concubuisse,

409 3015 667 3074 eamque
709 2995 1014 3075 gravidam
1059 3012 1200 3054 esse
1244 2999 1468 3054 factam
1513 2996 1856 3073 suspicatus
1901 3013 2109 3055 ensem
2169 2994 2253 3053 ibi
2310 2994 2560 3073 reliquit
2617 3003 2683 3055 et
2726 2996 2845 3055 cal·

407 3100 556 3149 ceos
599 3081 661 3140 in
706 3096 853 3140 cavo
895 3080 1010 3139 sub
1055 3078 1291 3157 ingenti
1334 3076 1577 3138 abditos
1622 3098 1785 3139 saxo.
1876 3078 1939 3139 ld
1988 3079 2103 3139 soli
2147 3078 2419 3140 Aethrae
2464 3098 2645 3159 quum
2690 3079 2847 3139 indi-

407 3172 612 3227 casset
655 3164 1218 3244 praecepissctque,
1263 3162 1318 3223 si
1361 3162 1549 3223 lilium
1597 3183 1671 3223 ex
1702 3182 1772 3224 se
1802 3154 2337 3241 edidisset,‘isque
2366 3163 2604 3224 adultus
2636 3182 2844 3225 saxum

409 3251 632 3313 tollere
678 3257 744 3311 et
785 3249 1033 3309 auferre
1075 3248 1293 3309 relicta
1333 3256 1579 3327 posset,
1634 3254 1703 3307 ut
1746 3268 1885 3308 eum
1930 3249 2007 3308 ad
2050 3267 2122 3308 se
2166 3250 2319 3309 clam
2365 3268 2503 3309 cum
2547 3248 2845 3327 depositis

407 3336 686 3397 mitteret
729 3336 840 3415 (-
867 3333 1239 3395 formidabat
1282 3332 1444 3395 enim
1491 3330 1879 3408 Pallantidos,
1922 3335 2027 3412 qui
2068 3333 2321 3394 insidias
2364 3334 2485 3413 ipsi
2528 3335 2849 3395 struebant

409 3426 477 3481 et
516 3428 769 3500 propter
811 3420 1142 3481 orbitatem
1187 3416 1613 3497 despiciebant
1638 3418 1773 3495 —),
1818 3416 2170 3479 discessit.“
2228 3418 2598 3479 Rectissime
2642 3425 2845 3479 autem

407 3505 644 3564 monuit
697 3503 990 3564 Welcker
1045 3506 1142 3581 (p.
1192 3496 1388 3577 394),
1445 3520 1520 3561 ea
1574 3502 1821 3580 quidem
1876 3502 1938 3561 in
1994 3502 2309 3582 tragoedia
2359 3505 2847 3579 commemorari,

409 3586 574 3647 nulla
613 3592 822 3647 tamen
875 3588 1114 3646 ratione
1172 3584 1430 3645 efficere
1484 3584 1838 3664 tragoediae
1892 3595 2311 3666 argumentum
2368 3590 2665 3667 potuisse.
2752 3588 2847 3649 Si-

409 3670 658 3749 mulque
713 3670 792 3729 de
845 3665 1209 3729 inveniendo
1265 3686 1410 3727 vero
1467 3667 1713 3728 fabulae
1758 3676 2113 3749 argumento
2167 3671 2543 3753 desperavit,
2598 3674 2850 3733 obstare

409 3754 642 3829 dicens,
687 3752 1010 3833 quominus
1053 3770 1092 3812 a
1133 3750 1444 3830 Sophocle
1501 3750 1758 3812 eandem
1816 3753 2167 3831 historiam,
2220 3776 2377 3838 quae
2400 3774 2409 3785 ·
2430 3758 2507 3817 ab
2552 3756 2852 3839 Euripide

409 3840 476 3901 iu
517 3842 726 3920 Aegeo
770 3836 876 3915 (cf.
919 3836 1132 3915 Eurip.
1179 3834 1420 3914 Fragm.
1465 3855 1526 3916 p.
1568 3832 1630 3897 9.
1676 3836 1799 3917 sq.)
1842 3838 2115 3901 exhibita
2156 3842 2273 3919 sit,
2330 3849 2649 3903 tractatam
2706 3861 2855 3904 esse

407 3930 736 3998 statuatur,
789 3920 952 4001 quod
994 3920 1224 3983 Medea
1267 3921 1451 3981 etiam
1495 3921 1559 3981 in
1604 3922 1803 3983 tribus
1846 3923 1982 3985 aliis
2027 3924 2353 4006 Sophoclis
2395 3926 2619 3987 fabulis
2660 3928 2853 3987 intro-

409 4009 594 4071 ducta
637 4010 736 4069 sit.
807 4006 934 4069 Sed
975 4024 1214 4081 vereor,
1260 4012 1328 4066 ut
1355 4004 1513 4069 haec
1540 4007 1699 4068 ratio
1739 4009 2015 4088 cuiquam
2048 4012 2376 4091 probetur3
2420 4030 2620 4091 neque
2656 4014 2851 4093 Aegei

409 4094 540 4156 fata
585 4094 738 4153 mihi
777 4092 1087 4173 reputanti
1143 4091 1468 4171 quidquam
1527 4093 1827 4170 occurrit,
1883 4094 2045 4172 quod
2100 4096 2453 4175 tragoediae
2510 4096 2855 4167 conveniat,

412 4178 536 4241 nisi
575 4178 838 4241 historia
871 4178 950 4239 ab
993 4176 1292 4256 Euripide
1334 4176 1376 4237 Ι.
1423 4196 1475 4237 c.
1521 4178 1586 4237 in
1628 4182 1816 4240 s'cena
1856 4186 2336 4258 repraesentata.
2424 4181 2623 4243 Recte
2664 4182 2859 4260 igitur

413 4264 663 4326 Ahrcns
709 4263 939 4323 fecisse
983 4260 1136 4322 mihi
1187 4261 1462 4333 videtur,
1515 4263 1680 4339 quod
1732 4264 1897 4326 idem
1939 4272 2361 4344 argumentum
2416 4267 2481 4327 iu
2528 4266 2859 4345 Sophoclis

409 4349 620 4410 fabula
677 4364 1034 4429 expressum
1093 4364 1350 4423 eamque
1407 4364 1444 4403 a
1503 4344 1754 4421 nereo,
1828 4366 1985 4427 quae
2054 4338 2253 4410 semel
2322 4357 2558 4411 tantum
2630 4352 2861 4411 citatur

413 4433 603 4513 (fgm.
649 4428 802 4516 260,
845 4450 970 4495 nou
1010 4430 1312 4491 diversam
1355 4428 1551 4489 fuisse
1594 4432 1879 4493 coniecit.
1968 4436 2051 4494 At
2092 4453 2292 4513 neque
2337 4453 2455 4517 qua
2495 4437 2558 4496 in
2586 4454 2659 4496 re
2689 4444 2857 4497 uter-

415 4534 536 4595 quc
579 4524 764 4596 pocta
805 4514 1169 4578 discesserit
1221 4532 1420 4592 neque
1478 4532 1599 4592 quo
1652 4534 1811 4578 anuo
1852 4518 2061 4584 fabula
2114 4536 2336 4584 scenae
2394 4522 2720 4584 commissa
2772 4522 2860 4583 sit

417 4602 708 4681 cognosci
749 4606 976 4681 potest.
