3092 5200
392 338 544 467 245
1006 448 1012 459 ,
1453 388 1773 471 Sophoclis

393 600 632 680 iubens,
679 617 831 676 quae
873 598 1008 679 ipse
1053 597 1130 656 ad
1185 594 1374 675 Soph.
1419 596 1644 657 Trach.
1689 592 1817 656 944
1862 596 2259 657 adnotaverit.
2348 552 2591 659 Ahrens
2634 599 2833 661 dedit:

390 683 652 758 ταύρειον
695 693 847 741 πιεῖν
889 686 982 741 καὶ
1029 681 1107 756 μή
1151 706 1202 741 τι
1231 686 1458 747 πλείους
1483 683 1646 741 τῶνδ’
1694 684 1840 754 ἔχειν
1869 686 2203 756 δυσφημίας.
2252 682 2377 743 Sed
2410 703 2527 743 non
2563 692 2680 759 est,
2726 702 2834 745 cur

293 796 308 804 ,
389 775 639 846 praeter
681 767 1114 827 necessitatem
1158 788 1191 826 a
1237 764 1515 827 codicum
1564 767 1863 847 scriptura
1908 769 2090 847 longe
2131 767 2507 828 recedamus.
2544 802 2619 815 --
2668 769 2833 830 Male

391 852 728 914 Brunckius
761 852 892 925 vhoc
936 851 1095 927 loco,
1152 861 1220 913 ut
1263 852 1324 910 in
1372 853 1591 930 Aegei.
1620 852 1764 929 fgm.
1825 852 1896 924 11,
1952 850 2219 911 Taurum
2264 852 2511 913 fluvium
2569 872 2832 915 comme·

390 938 615 997 morari
659 942 849 1009 ratus,
894 938 1217 1015 utrumque
1263 938 1574 996 coniunxit
1619 941 1684 995 et
1727 938 1789 995 in
1832 938 2011 995 istam
2056 936 2324 997 fabulam
2356 938 2580 1012 intulit,
2624 941 2832 1000 verbis

389 1023 532 1095 αἷμα
579 1020 814 1091 Ταύρου
856 1022 912 1094 γ’
962 1024 1175 1081 ι’·πκιεῖν
1219 1023 1280 1081 in
1326 1029 1492 1095 πῶμα
1536 1022 1768 1093 ταύρων
1822 1030 1973 1080 πιεῖν
2028 1024 2309 1093 mutatis;
2376 1024 2574 1101 agitur
2628 1026 2833 1102 potius

390 1106 468 1165 de
513 1107 804 1185 sanguine
859 1096 1127 1179 taurino,
1187 1106 1358 1166 cuius
1415 1124 1526 1166 usu
1578 1111 1823 1166 veteres
1881 1112 2140 1167 mortem
2198 1106 2417 1167 adduci
2474 1106 2833 1181 credebant,

383 1190 718 1270 praecipue
768 1190 822 1249 si
865 1190 1001 1267 quis
1045 1192 1336 1251 mentitus
1382 1198 1573 1251 esset.
1663 1190 1742 1250 cf.
1789 1190 2151 1266 Herod-111,
2184 1188 2283 1251 15.
2331 1192 2643 1271 Aristoph.
2672 1194 2833 1271 Equ.

386 1266 490 1335 83.
537 1274 714 1334 Diod.
759 1271 867 1348 lv,
911 1269 1014 1335 50.
1063 1274 1342 1355 Apollod.
1391 1275 1434 1351 l,
1477 1271 1540 1347 9,
1586 1271 1687 1336 27.
1736 1276 2115 1353 (Rhizotom.
2162 1276 2421 1355 argum.)
2474 1275 2649 1338 Faus.
2697 1278 2832 1353 Vll,

355 1355 497 1435 ·25‚
544 1354 644 1421 13.
717 1364 984 1417 πίνουσαι
1036 1361 1094 1418 δὲ
1151 1361 1292 1433 αἷμα
1344 1358 1559 1434 ταύρου
1632 1363 2035 1437 δοκιμάζονται.
2122 1358 2158 1433 ἢ
2216 1364 2273 1419 δ’
2330 1360 2401 1420 ἂν
2454 1364 2637 1421 αὐτῶν
2691 1361 2833 1439 τύχῃ

387 1444 463 1517 μὴ
511 1438 894 1515 α’ληθὲρουσα,
939 1445 1144 1502 αὐτίκα
1188 1446 1248 1502 ἐκ
1292 1443 1496 1504 τούτου
1541 1444 1645 1516 τὴν
1686 1450 1849 1515 δίκην
1894 1447 2066 1517 ἔσχεν.
2126 1480 2205 1491 -
2291 1445 2355 1505 In
2412 1448 2671 1507 eundem
2730 1468 2831 1508 er·

387 1546 622 1601 rorem,
666 1528 730 1585 in
773 1546 956 1605 quem
999 1526 1357 1602 hunoldus,
1404 1529 1670 1588 fortasse
1714 1536 1890 1587 vetus
1920 1529 2165 1607 quidem
2196 1532 2563 1592 scholiastes
2591 1530 2833 1607 incidit,

386 1630 570 1688 quum
615 1615 758 1684 αἷμα
805 1612 1037 1684 Ταύρου
1090 1615 1147 1686 y'
1197 1616 1437 1685 ἐκπιεῖν,
1489 1613 1649 1691 quod
1696 1614 1792 1673 vix
1837 1614 2164 1692 Sophoclis
2208 1633 2349 1675 esse
2392 1623 2632 1694 potest,
2678 1618 2833 1676 scri-

385 1695 570 1755 beret
626 1690 692 1757 'et
736 1698 878 1769 αἷμα
931 1698 1356 1777 metaphorice
1409 1698 1639 1757 dictum
1702 1717 1839 1758 esse
1897 1699 2317 1761 arbitraretur.
2406 1702 2583 1759 Haud
2638 1700 2831 1761 dubie

385 1780 616 1841 rectius
663 1780 1043 1856 Dindorfius‚
1088 1782 1502 1857 Herminium,
1551 1783 1651 1841 alii
1698 1783 2106 1861 scripseruutt
2162 1788 2303 1857 αἷμα
2346 1784 2608 1857 ταύρειον
2652 1796 2826 1847 πιεῖν.

388 1862 706 1924 Sententia
772 1868 982 1944 (quam
1043 1868 1116 1925 ab
1172 1866 1412 1928 Helena
1469 1869 1925 1945 pronunciatum
1999 1886 2171 1943 esse,
2208 1870 2571 1931 scholiastes
2639 1871 2828 1930 docet

383 1968 711 2029 personam
755 1969 870 2031 pro
914 1952 1156 2011 fabulae
1202 1951 1379 2011 titulo
1424 1952 1761 2028 nominans)
1808 1954 1964 2012 haec
2010 1959 2138 2012 est:
2204 1955 2485 2033 optimum
2528 1954 2676 2013 mihi
2719 1962 2825 2027 est,

385 2036 730 2113 sau-quinem
787 2036 1082 2095 taurinum
1137 2034 1335 2094 bibere
1386 2055 1498 2094 uec
1541 2034 1798 2114 amplius
1852 2036 2061 2095 lzorum
2116 2038 2369 2097 iniurias
2418 2043 2603 2117 ferre.
2692 2039 2821 2099 Sed

359 2136 529 2177 ‚num
573 2118 760 2178 iidem
807 2121 916 2181 viri
959 2120 1298 2180 doctissimi
1345 2122 1526 2182 eliam
1576 2128 1749 2180 recte
1793 2121 1953 2181 hunc
2000 2122 2197 2182 locum
2245 2124 2320 2182 ad
2365 2124 2523 2183 hanc
2554 2125 2823 2185 fabulam

387 2202 760 2275 rettulerint,
807 2205 1064 2264 dubitari
1110 2212 1348 2283 potest,
1405 2226 1589 2283 quum
1636 2206 1871 2264 Helena
1929 2206 2114 2265 etiam
2173 2208 2235 2266 in
2286 2206 2548 2267 Helenae
2594 2208 2819 2289 Rapta,

391 2284 652 2345 Helenae
693 2284 944 2367 Nuptiis
987 2295 1051 2349 et
1094 2290 1156 2347 in
1201 2288 1502 2349 Lacaenis
1545 2300 1753 2369 parles
1798 2292 2011 2369 egerit.

1425 2477 1525 2537 111.
1578 2472 1778 2555 (181.)

555 2590 754 2651 cram.
798 2592 1030 2654 Anecd.
1077 2594 1185 2654 Gr.
1233 2593 1426 2655 Oxon.
1471 2595 1575 2657 IV.
1622 2617 1681 2676 p.
1724 2590 1873 2672 373,
1918 2594 1976 2656 3.
2024 2597 2221 2658 Ἰστὲον
2262 2601 2351 2670 δὲ,
2393 2597 2477 2658 ’ὅτι
2519 2600 2579 2658 τὸ
2624 2596 2662 2672 ἤ
2677 2622 2815 2672 μην

385 2678 475 2736 ἐπὶ
517 2683 616 2735 τοῦ
646 2677 898 2750 ὑπῆρχον
925 2680 1329 2753 ἀπηγόρευται·
1375 2681 1498 2739 ἀντὶ
1525 2683 1631 2754 γὰρ
1660 2688 1759 2741 τοῦ
1792 2679 1945 2755 ἤμην
1973 2678 2056 2755 ἦν
2084 2685 2210 2756 ἐγὼ
2238 2685 2470 2755 λέγουσι,
2499 2684 2573 2748 ὡς
2592 2682 2813 2760 Ἀριστὸ-
2852 2683 2860 2692 ’

382 2784 570 2834 φανης
624 2760 825 2840 (Plut.
868 2757 998 2840 28.)
1061 2763 1292 2838 εὕρηται
1333 2769 1437 2839 γὰρ
1481 2771 1542 2825 τὸ
1588 2766 1779 2839 ἤμην
1820 2771 1882 2826 τὸ
1926 2770 2019 2825 ἐπὶ
2060 2773 2161 2827 τοῦ
2204 2769 2487 2841 ὑπῆρχον,
2553 2770 2629 2834 ὡς
2668 2769 2827 2840 παρ’·

381 2846 740 2922 Εὐριπίδῃ
784 2850 846 2906 ἐν
875 2849 1152 2921 Ἑλένης
1195 2850 1579 2922 ἀπαιτήσει

886 2971 1007 3052 ἐγώ
1037 2972 1132 3037 ’δὲ
1185 2973 1502 3059 προδότης
1547 2965 1599 3013 '⁸¹³‘
1652 2969 1766 3040 01²·ae
1815 2971 2001 3059 ἤμην,
2056 2977 2301 3040 τέκνον.

381 3097 635 3158 Prorsus
681 3099 893 3160 eadem
938 3083 1182 3179 quidem
1229 3103 1645 3164 Choerobosc.
1692 3103 1913 3165 Dictat.
1959 3106 2018 3164 in
2052 3103 2363 3164 'l'heod08.
2398 3107 2541 3165 Can.
2574 3127 2632 3185 p.
2663 3101 2807 3167 882.

380 3183 574 3243 Gaisf.
619 3191 685 3246 et
729 3183 930 3264 Etym.
978 3185 1064 3246 Μ.
1113 3209 1169 3265 p.
1216 3185 1374 3263 430,
1430 3187 1509 3249 15
1570 3190 1827 3262 habent,
1886 3189 2274 3248 nihilominus
2324 3199 2501 3250 recte
2557 3191 2811 3250 Cramer

378 3287 489 3346 pro
535 3269 833 3348 Euripide
880 3270 1204 3350 Sophoclis
1250 3292 1470 3333 nomen
1515 3273 1960 3334 restituendum
2008 3293 2147 3334 esse
2192 3273 2358 3333 vidit.
2452 3275 2601 3334 Nam
2648 3275 2810 3354 quod

377 3353 638 3433 cuipiam
684 3354 744 3413 in
792 3365 1060 3419 mentem
1104 3359 1312 3420 venire
1360 3360 1572 3436 possit,
1619 3357 1929 3437 Euripidis
1974 3359 2248 3418 Helenae
2292 3377 2377 3417 ve.
2422 3354 2566 3418 931.
2614 3361 2809 3433 ἐγὼ“δὲ

376 3436 631 3510 προδότις
672 3440 778 3496 οὐκ
822 3437 926 3512 ἄρ’
972 3438 1045 3512 ἦν
1089 3449 1265 3512 φίλων
1307 3443 1535 3502 dictum
1584 3461 1743 3516 esse,
1790 3443 1850 3501 id
1895 3451 2222 3522 propterea
2256 3441 2661 3522 improbabile
2692 3452 2811 3517 est,

374 3522 634 3595 primum
682 3521 844 3598 quod
891 3523 1214 3600 Sophoclis
1260 3532 1325 3584 et
1367 3526 1681 3605 Euripidis
1726 3526 1968 3584 nomina
2012 3528 2203 3585 multo
2246 3529 2488 3606 saepius
2540 3547 2808 3588 commu-

374 3607 582 3662 tantur
607 3603 682 3678 ⁷)‚
729 3623 904 3678 quam
955 3615 1018 3663 ut
1060 3606 1304 3665 fabulae
1347 3608 1659 3686 Euripidis
1706 3611 2053 3669 etiamnunc
2098 3613 2359 3670 extantia
2399 3612 2639 3672 titulum
2669 3632 2807 3673 cum

376 3685 621 3746 nomine
667 3685 909 3746 fabulae
953 3687 1274 3747 admodum
1321 3709 1458 3750 raro
1501 3691 1729 3769 citatae
1770 3692 2087 3752 confusum
2148 3714 2288 3754 esse
2346 3697 2638 3756 credibile
2696 3699 2808 3772 sit3

374 3768 600 3830 deinde
645 3769 807 3848 quod
849 3789 1058 3830 versus
1104 3791 1176 3832 ex
1221 3771 1440 3832 Helen.
1485 3773 1756 3852 Repetit..
1803 3777 2024 3836 citatus
2069 3788 2323 3858 propter
2364 3779 2621 3858 formam
2652 3779 2811 3854 ἤμην

372 3851 647 3927 affertur,
693 3873 845 3934 quae
890 3855 951 3914 in
995 3855 1102 3918 illo
1147 3875 1264 3917 non
1308 3857 1555 3937 legitur,
1600 3875 1955 3938 quamquam
2003 3881 2413 3943 praepropere
2444 3885 2479 3924 a
2508 3865 2808 3927 Piersono

373 3936 450 3998 ad
497 3939 692 4000 Moer.
737 3959 794 4020 p.
846 3935 969 3998 172
1014 3941 1072 4001 in
1121 3961 1258 4002 eum
1315 3943 1482 4004 illata
1536 3951 1635 4006 est
1686 3945 1999 4006 Dindorflo
2054 3954 2119 4008 et
2162 3949 2437 4027 Pflugkio
2496 3950 2651 4010 male
2707 3969 2807 4011 se-

357 4021 722 4102 ‘quentibus.
812 4023 877 4084 Si
923 4027 1196 4089 senarius
1237 4027 1360 4088 fuit
1399 4049 1643 4104 venua,
1701 4031 1763 4089 in
1808 4031 2011 4104 medio
2056 4033 2385 4094 trochaeus
2431 4034 2676 4094 excidit.

1407 4165 1509 4226 ιν.
1557 4160 1765 4244 (182.)

385 4341 391 4354 ,
539 4273 700 4336 Plut.
749 4277 1029 4354 Compar.
1077 4277 1338 4359 Lycurg.
1395 4295 1460 4341 et
1503 4279 1800 4357 Num-3,
1844 4279 1905 4344 6.
1952 4305 2011 4362 p.
2058 4282 2159 4345 77.
2204 4288 2274 4346 A.
2334 4286 2412 4347 de
2468 4289 2805 4366 puellarum

373 4356 734 4420 educatione
779 4367 844 4420 et
885 4361 966 4421 de
1011 4371 1377 4438 φαινομηρίσι
1419 4362 1660 4426 locutus
1704 4368 1795 4427 sic
1838 4369 2071 4448 pergit:
2114 4375 2189 4429 τῶ
2228 4373 2334 4445 γὰρ
2376 4371 2495 4431 ὄντι
2536 4381 2636 4434 τοῦ
2664 4397 2801 4448 παρ-

519 4575 573 4638 ’)
611 4581 697 4628 Sic
734 4580 1148 4650 Choeroboscus‚
1186 4600 1248 4634 ex
1286 4601 1387 4645 quo
1423 4578 1794 4652 grammaticus
1832 4591 2058 4642 Crameri
2096 4597 2147 4642 et
2180 4593 2522 4660 Etymologus
2558 4576 2802 4645 hausisse

369 4645 629 4708 videntur,
651 4648 684 4694 l.
705 4661 748 4696 c.
769 4663 819 4710 p.
837 4645 956 4701 554.
976 4652 1142 4705 Gaisf.
1156 4654 1389 4717 Euripidi
1416 4670 1625 4706 versum
1654 4660 1847 4722 tribuit,
1880 4661 1967 4718 qui
1994 4658 2266 4722 Sophoclis
2296 4669 2378 4712 est
2406 4677 2469 4714 ex
2497 4665 2662 4714 Aiace
2678 4657 2802 4714 896.

1165 4942 1172 4950 ’
1249 4952 1301 4992 ο
