3092 5200
1247 348 1629 401 ΑοΑοΠΕΣ.
2514 344 2665 419 243

215 546 398 624 Quod
443 544 589 605 in'de
635 542 1004 603 Phoenicem
1052 560 1189 601 cum
1235 542 1414 604 Ulixe
1458 544 1701 604 venisse
1744 544 2189 623 cognoscimus,
2232 548 2295 607 id
2340 500 2661 613 confirma-

215 641 321 691 tur
367 631 608 709 pictura
651 649 685 687 a
727 628 934 688 Flavio
965 627 1342 688 Philostrato
1373 630 1611 689 minore
1654 629 1983 707 descripta,
2030 648 2182 707 quae
2225 634 2367 709 quin
2410 656 2658 699 scenam

218 734 300 775 ex
369 714 686 793 tragoedia
754 713 1006 793 petitam
1061 714 1620 791 repraesentaverit
1686 714 1781 774 vix
1846 713 2112 774 dubitari
2176 724 2398 794 potest.
2484 722 2657 784 Haec

107 869 114 877 ⁶
221 800 384 859 enim
431 798 620 859 habet
658 799 762 859 ille
808 798 1024 877 (imag.
1073 793 1180 875 1.),
1243 805 1561 877 postquam
1612 799 2001 877 Neoptolemi
2056 817 2381 879 personam
2435 811 2503 864 et
2553 806 2659 867 ha·

219 885 416 945 bitum
461 883 821 962 descripsit}
859 884 1178 955 ἀχθόμενος
1219 887 1334 963 (sc.
1379 886 1410 944 ὁ
1455 883 1710 959 Πύρρος)
1752 891 1819 959 τῇ
1862 888 2034 959 μητρὶ
2074 888 2169 943 καὶ
2211 891 2285 961 τῷ
2325 885 2537 965 πάππῳ
2566 898 2663 963 τῆς

224 972 288 1028 ἐν
339 976 405 1043 τῇ
459 968 608 1047 νήσῳ
661 972 854 1054 ἕδρας,
911 968 1101 1041 ἐπειδὴ
1160 971 1250 1028 ἐπ’
1293 970 1514 1041 Ἀχιλλεῖ
1560 976 1826 1029 τεθνεῶτι
1883 975 2164 1034 δείσαντες
2216 976 2352 1044 περὶ
2394 979 2469 1048 τῷ
2508 980 2667 1033 παιδί

223 1055 518 1127 ἀπώμοτον
562 1056 894 1126 ἐποιήσαντο
938 1054 1042 1125 τὴν
1085 1059 1189 1113 τοῦ
1234 1053 1470 1129 Πύρρου
1513 1055 1725 1127 ἔξοδον,
1770 1058 2044 1119 αἰπολίοις
2086 1080 2145 1114 τε
2190 1059 2285 1114 καὶ
2312 1061 2509 1132 βουσίν
2538 1062 2666 1119 ἑαυ-

221 1140 317 1199 τὸν
358 1142 646 1212 ἐφίστησιν
702 1139 1092 1215 ἄπαυχενίζων
1145 1140 1278 1202 τοὺς
1328 1127 1697 1216 ἄτιμ’άζοντας
1750 1141 1853 1214 τὴν
1902 1140 2105 1213 ἀγέλην
2145 1140 2393 1215 ταύρους
2404 1188 2421 1223 2
2479 1144 2540 1201 οἳ
2593 1146 2663 1217 δὴ

219 1224 359 1297 πρὸς
399 1231 474 1299 τῷ
517 1228 580 1283 ἐν
623 1226 780 1301 δεξιᾷ
822 1226 1203 1283 ἐνδείκνυνται
1245 1224 1381 1295 ὄρει.
1437 1231 1627 1295 λογίου
1670 1227 1729 1283 δὲ·
1776 1228 1833 1289 ἐς
1860 1229 1991 1289 τοὺς
2013 1222 2285 1297 Ἓλλὴνας
2312 1225 2663 1302 ἐμπεσόντος,

219 1310 294 1373 ὥς
337 1308 446 1367 ουίι
490 1307 634 1386 ἄλλῳ
683 1333 758 1385 τῳ
811 1310 1018 1373 ἁλωτὸς
1073 1310 1252 1368 ἔσοιτο
1293 1310 1330 1381 ἡ
1379 1315 1559 1381 Τροία
1614 1313 1761 1381 πλὴν
1810 1320 1929 1373 τοῖς
1968 1313 2255 1375 Αἰακίδαις
2322 1314 2665 1388 (consentit

223 1392 412 1472 Soph.
458 1391 617 1453 Phil.
666 1389 840 1471 114.)
897 1396 1172 1454 στέλλεται
1215 1394 1246 1453 ὁ
1292 1401 1486 1466 Φοῖνιξ
1527 1396 1588 1459 ἐς
1628 1395 1734 1467 τὴν
1775 1395 2007 1465 Σκύρον
2060 1395 2287 1469 ἀνάξων
2324 1398 2422 1457 τὸν
2465 1404 2663 1469 παῖδα,

220 1482 316 1538 καὶ
357 1481 846 1552 καθορμισᾶμενος
890 1478 1206 1553 ἐντυγχάνει
1249 1482 1306 1537 οἱ
1348 1478 1456 1537 οὐκ
1501 1477 1669 1539 εἰδότι
1711 1479 1819 1538 οὐκ
1863 1483 2020 1543 εἰδὼς
2059 1482 2205 1555 πλὴν
2246 1478 2351 1541 ’ὅσα
2393 1486 2455 1543 τὸ
2486 1483 2664 1559 ἁβρόν

226 1587 278 1622 τι
317 1566 413 1636 1καὶ
457 1564 632 1636 ἁδρὸν
671 1570 772 1623 τοῦ
819 1568 1004 1627 stauos
1047 1564 1350 1623 ὑπεδείκνυ
1394 1564 1569 1623 αὐτὸν
1605 1566 1863 1637 Ἀχιλλέως
1908 1567 2055 1623 εἶναι
2096 1572 2285 1626 παῖδα.
2343 1570 2663 1628 κάντεῦθεν

220 1656 488 1721 γνωρίσας
539 1649 613 1711 ὡς
669 1654 766 1721 εἴη
815 1650 1084 1713 ἔκπυστος
1137 1658 1377 1721 γίγνεται
1429 1654 1504 1723 τῷ
1554 1674 1613 1708 τε
1670 1649 1992 1723 Λυκομήδει
2056 1655 2151 1709 καὶ
2202 1659 2268 1727 τῇ
2325 1658 2660 1733 Δηιδαμείᾳ.

221 1733 470 1793 Summa
510 1732 698 1810 igitur
739 1732 1016 1805 fabulae,
1070 1751 1226 1810 quae
1271 1750 1306 1791 a
1347 1730 1687 1811 Dolopibus
1727 1734 1855 1793 sive
1898 1732 2273 1796 Phoenicem
2316 1739 2661 1798 comitanti-

219 1817 338 1878 bus
383 1820 584 1895 (quae,
613 1816 924 1877 Welckeri
977 1822 1075 1876 est
1127 1814 1460 1898 sententia)
1517 1818 1647 1877 sive
1690 1818 1947 1895 Scyrum
2002 1819 2419 1879 habitantibus
2476 1830 2661 1899 (quae

225 1920 362 1961 mea
419 1898 550 1973 est)
607 1918 832 1959 nomen
880 1900 1128 1974 habuit,
1197 1901 1260 1959 in
1316 1918 1396 1959 eo
1437 1902 1639 1979 posita
1689 1900 1883 1959 fuisse
1937 1901 2211 1976 videtur,
2274 1909 2343 1961 ut
2384 1902 2663 1966 Phoenix

227 1984 707 2053 adolescentem..
753 1985 887 2043 sine
932 2003 1052 2061 quo
1095 1983 1207 2061 (cf.
1254 1983 1411 2043 Phil.
1463 1979 1672 2061 1434.)
1730 1984 1905 2043 Ilium
1950 1986 2087 2063 capi
2131 2002 2250 2044 non
2292 1992 2557 2064 poterat,
2601 1989 2665 2047 in

228 2068 426 2129 insula
487 2068 882 2147 investigaret
947 2075 1013 2127 et
1076 2086 1294 2143 secum,
1351 2066 1706 2128 abduceret.
1798 2068 1909 2129 Cui
1977 2068 2129 2127 illud
2184 2068 2433 2147 quidem
2502 2072 2665 2149 bene

225 2155 549 2225 successit,
595 2153 713 2212 hoc
759 2160 958 2214 autem
1007 2153 1299 2229 consequi
1345 2152 1507 2231 haud
1536 2152 1716 2212 facile
1747 2152 1937 2225 licuit,
1983 2172 2165 2231 quum
2203 2160 2401 2215 mater
2428 2162 2493 2216 et
2522 2174 2667 2217 avus

225 2236 698 2315 Neoptolemum
773 2236 936 2297 bello
1005 2237 1311 2297 interesse
1378 2238 1628 2297 nollent.
1733 2238 2121 2317 Quapropter
2174 2237 2453 2299 Phoenix
2525 2260 2663 2301 cum

223 2322 621 2383 adolescente
668 2323 822 2382 clam
867 2322 1070 2400 fugam
1118 2316 1367 2399 parasse
1412 2321 1675 2393 videtur,
1727 2321 1838 2381 sed
1882 2341 1985 2383 res
2030 2322 2192 2387 haud
2237 2323 2423 2383 dubie
2468 2324 2664 2404 Lyco-

221 2406 386 2467 medi
456 2400 794 2486 patefacta‘
829 2412 958 2479 est,
1028 2407 1131 2485 qui
1201 2413 1523 2483 utrumque
1578 2406 2046 2484 diligentissime
2102 2407 2397 2469 custodiri
2462 2410 2659 2470 iussit.

224 2492 356 2567 Qua
393 2511 464 2551 re
509 2510 690 2570 quum
740 2487 1066 2550 Phoenicis
1122 2490 1436 2550 consilium
1494 2490 1731 2550 irritum
1792 2500 1962 2552 esset
2014 2491 2273 2565 factum,
2332 2492 2665 2554 intervenit

223 2574 463 2651 Ulixes,
510 2575 615 2655 qui
658 2576 750 2636 avi
797 2576 1130 2656 matrisque
1172 2575 1320 2635 iram
1368 2575 1625 2654 placavit
1659 2580 1723 2635 et
1769 2576 2010 2655 utrique
2038 2577 2363 2662 persuasit,
2407 2584 2475 2640 ut
2518 2579 2661 2640 ado-

224 2661 485 2723 lescenti
525 2662 716 2741 patris
761 2681 977 2722 necem
1021 2659 1233 2720 ulcisci
1277 2661 1727 2744 permitterent.
1774 2695 1858 2705 —
1931 2657 2057 2720 Sed
2112 2660 2271 2722 hanc
2315 2662 2581 2724 fabulam
2629 2684 2666 2724 a

229 2745 562 2819 Phoenice,
619 2746 790 2806 cuius
835 2745 1120 2805 nonnulla
1163 2744 1504 2824 fragmenta
1550 2751 1907 2826 supersunt,
1954 2765 2074 2805 non
2118 2746 2421 2806 diversam
2465 2748 2663 2808 fuisse

223 2829 554 2890 Welckero
597 2830 757 2890 haud
803 2850 1096 2910 quaquam
1144 2829 1529 2891 crediderim.
1624 2830 1777 2889 Nam
1820 2828 2152 2890 Phoenicis
2205 2836 2415 2909 partes
2470 2833 2534 2890 in
2591 2851 2667 2892 ea

228 2933 347 2978 non
406 2915 703 2975 eiusmodi
760 2924 964 2990 erant,
1018 2921 1090 2974 ut
1144 2913 1350 2974 fabula
1404 2915 1538 2974 cius
1590 2933 1811 2975 nomen
1858 2909 2164 2974 asciscere
2206 2915 2541 2994 potuisset3
2610 2917 2664 2975 si

225 2999 362 3078 quis
407 3007 609 3060 autem
653 3007 895 3074 statuat,
941 3020 1122 3078 quum
1169 3018 1589 3077 nonnunquam
1636 3018 1748 3076 pro
1779 2998 2115 3058 fabularum
2149 3000 2493 3076 nominibus
2522 3021 2661 3080 per-

225 3103 412 3145 sonae
456 3085 865 3160 nominentur,
911 3085 998 3144 ibi
1045 3103 1186 3143 esse
1237 3081 1535 3158 Dolopum
1582 3081 1953 3142 Phoenicem
2001 3083 2265 3156 dictum,
2311 3083 2660 3145 ubi-Phoe·

226 3171 328 3230 nix
373 3169 594 3229 citatus
639 3171 738 3242 sit,
783 3170 838 3228 is
879 3187 1104 3230 vereor
1145 3175 1214 3227 ut
1255 3167 1575 3226 credibilia
1618 3168 1921 3225 statuerit.
2010 3166 2163 3226 Nam
2212 3169 2430 3228 mirum
2476 3179 2665 3242 esset,

225 3255 282 3313 si
339 3261 624 3332 quattuor
675 3254 1012 3333 scriptores
1067 3253 1247 3331 plane
1303 3252 1466 3309 inter
1519 3269 1588 3308 se
1646 3251 1875 3309 diversi
1930 3246 2113 3327 (vide
2168 3250 2489 3310 Phoenicis
2543 3253 2665 3312 fra-

226 3344 502 3418 gmenta)
545 3340 606 3398 in
651 3339 913 3398 eundem
959 3331 1230 3396 errorem
1275 3335 1655 3394 incidissent.
1748 3333 1877 3394 Nec
1920 3334 1997 3392 ad
2042 3353 2171 3393 rem
2219 3333 2665 3396 diiudicandam

227 3423 552 3502 quidquam
597 3424 800 3483 valent
842 3422 1238 3501 Neoptolemi
1284 3421 1565 3480 Attianae
1620 3419 1897 3490 residua,
1955 3437 2132 3496 quam
2186 3418 2451 3479 fabulam
2496 3421 2665 3482 Wel-

227 3510 379 3570 cker
432 3507 509 3567 ad
565 3509 896 3587 Sophoclei
955 3507 1243 3566 dramatis
1299 3505 1613 3584 exemplar
1664 3504 2063 3582 compositam
2119 3503 2315 3564 fuisse
2364 3506 2663 3585 opinatur.

227 3595 398 3670 Quae
443 3613 623 3672 quum
669 3594 754 3652 ita
797 3595 948 3665 sint,
1009 3591 1364 3650 Phoenicem
1409 3610 1441 3649 a
1485 3587 1827 3669 Dolopt‘bm
1882 3589 2181 3649 diversam
2242 3596 2309 3650 et
2361 3591 2523 3651 idem
2572 3613 2662 3652 ar-

226 3685 577 3758 gumentum
623 3679 997 3756 complexam
1043 3697 1186 3738 esse
1227 3694 1579 3746 censemus,
1639 3673 1799 3753 quod
1858 3675 2185 3754 Euripides
2242 3676 2303 3735 in
2350 3679 2663 3759 tragoedia

229 3765 464 3842 pariter
507 3765 927 3844 cognominata
973 3763 1340 3823 tractaverit.
1431 3762 1514 3822 cf.
1561 3761 1704 3821 Eur.
1750 3759 1995 3840 Fragm.
2044 3779 2102 3837 p.
2146 3757 2293 3821 413.

1295 3973 1599 4059 1.(1i70

402 4102 581 4163 Phot.
627 4123 686 4181 p.
731 4095 836 4174 36,
884 4094 981 4159 1⁹2.
1053 4095 1253 4176 Etym.
1303 4097 1387 4158 Μ.
1435 4117 1494 4176 p.
1539 4091 1692 4166 393,
1734 4089 1837 4153 43.
1884 4063 2161 4157 malarac-
2209 4093 2666 4168 ἐγκεκρυμμένος.

200 4194 533 4262 *tamenim
582 4185 848 4257 Δόλοψιν.

781 4306 1056 4384 Εὖναῖοὲ
1110 4307 1205 4394 εἴη
1260 4303 1578 4396 θράπετιν
1630 4309 1861 4390 στέγην
1914 4303 2099 4387 ἔχων.

226 4445 436 4524 Etym.
482 4445 778 4517 δραπέτην.
836 4441 916 4500 cf.
961 4439 1235 4519 Hesych.
1281 4457 1336 4498 V.
1381 4439 1733 4512 δρομαλὸς
1777 4436 2071 4509 λαγωός,
2116 4436 2145 4495 ὁ
2190 4439 2251 4494 ἐν
2294 4433 2521 4509 δρόμοις
2562 4436 2669 4496 512⁸-
2752 4437 2767 4456 ⁸

225 4529 518 4603 σκόμενος,
565 4529 865 4590 εὐναῖος
906 4529 964 4584 δὲ
1010 4527 1040 4584 ὁ
1087 4531 1147 4583 ἐν
1193 4533 1365 4600 κοίτῃ.
1449 4523 1661 4584 Valck.
1709 4521 1785 4583 ud
1829 4523 1976 4584 Eur.
2019 4520 2203 4599 Hipp.
2247 4515 2393 4581 326.
2440 4555 2523 4565 --
2578 4521 2673 4582 Ad

228 4614 494 4676 eundem
552 4613 750 4673 locum
809 4610 969 4670 haud
1038 4608 1224 4672 dubie
1295 4609 1568 4690 respexit
1621 4607 1893 4688 Hesycli.
1954 4627 2003 4665 v.
2066 4607 2387 4671 Εὖναῑος
2439 4607 2672 4679 λαγώς.

2144 4712 2271 4776 16*

2702 4627 2711 4637 =
