3092 5200
477 360 508 431 l
522 343 622 431 98
1535 350 1857 431 Sophoclis

364 561 375 572 “
481 563 661 625 Hom.
708 563 777 622 ll.
821 559 896 621 ο’.
942 554 1088 621 302.
1141 560 1203 619 τὸ
1246 566 1384 633 γοῦν
1411 555 1621 631 Μῦνης
1666 560 1696 617 ὁ
1742 558 1845 629 μὲν
1886 556 2123 628 ποιητὴς
2166 554 2659 631 περιττοσυλλᾶβως
2698 555 2890 613 ἔκλινεν

485 648 588 730 (Il.
635 647 797 709 XIX.
839 640 1020 723 296.)
1063 648 1305 719 »πέρσεν
1348 645 1407 703 δὲ
1449 642 1610 703 πόλιν
1651 649 1837 703 θείοιο
1881 642 2209 715 Μύνητος.“
2296 640 2327 699 ὁ
2370 642 2430 698 δὲ
2472 644 2759 711 Σοφοκλῆς

981 768 1219 836 Mt‘mov
1273 741 1354 832 tf
1388 764 1831 853 Ἐπιστρόφου
1881 790 1957 847 γε
2007 764 2185 854 (leg.
2242 768 2364 846 τε).

478 902 558 964 cl'.
609 902 890 963 Eustath.
947 922 1008 981 p.
1057 896 1244 973 1017,
1299 895 1400 960 10.
1487 898 1722 959 Locum
1782 896 1858 957 ad
1912 901 2319 971 Αἰχμαλωτίδας
2374 895 2683 975 pertinere
2727 892 2895 953 docet

477 988 894 1049 Choerobosc.
959 986 1181 1046 Dictat:
1240 986 1304 1046 in
1361 983 1675 1045 Theodos.
1749 982 1851 1059 (in
1894 982 2087 1043 Bekk.
2134 983 2246 1041 An.
2294 980 2401 1041 Gr.
2447 978 2546 1040 111.
2591 1000 2648 1060 p.
2696 972 2894 1055 1399).

473 1093 534 1152 p.
584 1067 728 1148 140,
771 1068 832 1133 5.
879 1071 976 1133 ed.
1023 1069 1219 1131 Gaias.
1275 1070 1514 1142 Μύνης,
1571 1066 1782 1127 Μύνου
1836 1070 1933 1125 καὶ
1974 1068 2264 1139 Μύνητος.
2352 1070 2651 1138 Σοφοκλῆς
2700 1062 2895 1122 Μῦνου

474 1160 690 1217 ἔκλινεν
734 1162 1126 1232 Αἰχμαλωτίσιν
1171 1156 1630 1231 (Αἰχμαλῶτησιν.
1676 1153 1840 1224 cod.)
1888 1154 2059 1213 εἰπὼν
2127 1147 2436 1226 υΜ’ὗϊου
2490 1174 2553 1209 τι
2607 1152 2895 1221 ἐπιστρέ-

475 1266 619 1313 φου
663 1250 808 1317 γε.“
895 1260 1049 1321 quae
1106 1239 1226 1301 Th.
1272 1238 1572 1319 Bergkius
1630 1238 1735 1316 (ad
1778 1239 1997 1299 Anacr.
2042 1256 2101 1316 p.
2152 1230 2323 1315 106.)
2377 1236 2543 1296 hene
2597 1234 2658 1294 in
2702 1234 2895 1293 Μόνον

473 1329 530 1386 τ’
564 1326 953 1401 Ἐπιστρόφου
1005 1349 1066 1385 τε
1123 1330 1491 1397 mutaverat,
1546 1330 1873 1401 antequam
1926 1322 2298 1383 scholiastae
2354 1320 2539 1380 Hom.
2583 1319 2701 1380 huc
2754 1318 2893 1379 rela-

474 1404 574 1473 tus
617 1419 768 1474 erat.
1010 1473 1016 1478 ,
1162 1436 1164 1439 >

1097 1860 2360 1939 AKPIEJOZ„

649 2068 846 2143 Quum
891 2066 1164 2127 Acrisius
1209 2042 1530 2125 Athenaeo
1582 2065 1729 2143 (Xl.
1776 2083 1834 2142 p.
1878 2056 2024 2122 466.
2072 2063 2145 2123 A.
2191 2060 2273 2123 cf.
2321 2060 2473 2141 fgm.
2518 2056 2693 2141 354.)
2746 2056 2891 2121 teste

477 2155 660 2214 etiam
705 2152 765 2210 in
799 2150 1124 2230 Sophoclis
1152 2148 1492 2211 Larissaeis
1535 2150 1597 2209 in
1644 2167 1889 2210 scenam
1930 2146 2326 2225 processerit,
2373 2146 2713 2207 Brunckius
2742 2145 2891 2205 Acri·

472 2239 625 2296 sium
669 2240 736 2295 et
782 2234 1134 2295 Larissaeos
1177 2234 1433 2295 eandem
1478 2235 1745 2295 coniecit
1788 2234 2052 2293 fabulam
2084 2250 2243 2304 esse,
2289 2232 2463 2291 cuius
2496 2238 2889 2312 argumentum

475 2339 640 2379 mors
684 2320 906 2399 Acrisii
949 2318 1139 2378 fuerit
1190 2318 1522 2379 secundum
1582 2318 1892 2379 oraculum
1951 2336 1987 2375 a
2032 2314 2261 2375 Perseo
2314 2326 2546 2393 nepote
2600 2313 2890 2377 interemti

475 2404 590 2468 (cf.
639 2402 914 2481 Apollod.
967 2404 1035 2475 ΙΙ,
1077 2398 1140 2476 4,
1183 2398 1284 2479 4).
1375 2404 1567 2479 Quam
1625 2403 1973 2482 opinionem
2032 2402 2151 2460 iam
2210 2400 2527 2461 lacobsius
2584 2402 2681 2480 (in
2726 2397 2888 2461 Addi-

469 2496 612 2548 tam.
660 2487 737 2547 ad
781 2487 1019 2546 Snlzeri
1065 2486 1296 2546 Theon
1341 2488 1474 2547 Art.
1519 2488 1623 2549 IV.
1667 2509 1727 2566 p.
1777 2484 1939 2563 122)
1984 2487 2353 2565 impugnavit
2406 2487 2727 2547 verissime
2778 2502 2889 2543 mo·

471 2592 653 2646 neus,
727 2572 788 2631 in
847 2570 1082 2630 Acrisio
1131 2571 1366 2633 Danaes
1433 2582 1496 2632 et
1556 2572 1765 2633 Persei
1822 2572 2102 2645 exitium,
2173 2572 2233 2630 in
2294 2568 2637 2632 Laris-sacis
2690 2566 2889 2632 Acrisii

475 2666 733 2719 mortem
781 2657 1119 2736 expositam
1163 2656 1377 2716 fuisse.
1467 2657 1624 2716 Nam
1669 2677 1823 2735 quae
1870 2676 1942 2715 ex
1979 2655 2217 2716 Acrisio
2260 2657 2533 2718 citantur
2575 2659 2889 2736 fragmenta

473 2745 633 2805 haud
681 2742 864 2804 facile
909 2742 969 2801 in
1016 2741 1252 2814 fabula,
1299 2759 1453 2820 quae
1501 2743 1719 2802 Acrisii
1766 2743 1995 2801 obitum
2044 2740 2370 2815 continuit,
2428 2741 2634 2802 locum
2678 2741 2888 2804 hahere

472 2833 836 2908 potuerunt3
907 2827 1205 2906 imprimis
1255 2827 1470 2906 fragm.
1515 2827 1618 2887 lV.
1677 2827 1957 2906 Argivum
2013 2826 2307 2904 virginem
2364 2825 2695 2902 (Danaen)
2746 2825 2891 2885 inter

470 2933 764 2993 personas
822 2912 1015 2971 fuisse
1071 2911 1287 2986 docet,
1343 2921 1526 2990 atque
1578 2932 1653 2974 ex
1696 2914 1829 2992 ipsa
1872 2911 2139 2984 ratione3
2198 2929 2314 2989 qua
2356 2911 2714 2972 Athenaeus
2765 2911 2801 2968 l.
2840 2925 2887 2965 c.

471 2998 772 3059 Acrisium
816 2995 1270 3056 Larissaeormn
1314 3005 1771 3072 commemorat,
1817 2992 2096 3057 concludi
2127 3001 2355 3074 potest,
2401 2998 2667 3057 eundem
2696 3009 2888 3072 regem

474 3083 655 3143 etiam
701 3083 766 3142 in
810 3083 923 3140 alia
955 3081 1160 3141 fabula
1193 3079 1486 3157 (Acrisio)
1531 3089 1739 3162 partes
1770 3083 2127 3143 obtinuisse.
2218 3081 2427 3158 ltaque
2462 3081 2630 3142 haud
2660 3079 2885 3140 dubium

473 3187 614 3229 esse
659 3167 811 3228 mihi
853 3167 1112 3240 videtur,
1158 3168 1302 3246 quin
1346 3169 1502 3228 haec
1527 3165 1752 3228 'fabula
1796 3171 1855 3228 in
1902 3165 2243 3226 universum
2288 3165 2453 3225 idem
2486 3170 2887 3246 argumentum

469 3253 776 3326 hahuerit,
822 3253 980 3332 quod
1027 3251 1358 3332 Euripides
1401 3255 1461 3313 in
1509 3251 1729 3313 Danae
1772 3252 2168 3332 spectandum
2201 3251 2542 3329 proposuit.
2586 3251 2665 3312 cf.
2694 3247 2885 3324 Eurip.

470 3339 714 3420 Fragm.
762 3359 820 3418 p.
871 3333 1012 3397 154.
1103 3339 1324 3414 Quaeri
1371 3345 1573 3400 autem
1618 3345 1845 3418 potest,
1892 3356 2075 3416 quum
2120 3337 2284 3396 inter
2312 3336 2641 3415 Sophoclis
2670 3332 2887 3395 fabulas

471 3425 653 3484 etiam
700 3423 918 3484 Danae
962 3423 1284 3503 aliquoties
1328 3423 1643 3496 laudetur,
1701 3431 1901 3484 utrum
1946 3422 2101 3481 haec
2146 3420 2361 3482 eadem
2408 3427 2597 3499 atque
2640 3418 2889 3479 Acrisius

471 3525 545 3566 an
591 3507 830 3566 diversa
873 3508 1063 3566 fuerit
1105 3509 1435 3585 tragoedia.
1523 3507 1818 3568 'Welcker
1862 3529 1916 3586 p.
1963 3501 2093 3567 349
2134 3525 2263 3564 rem
2308 3506 2371 3584 in
2404 3507 2608 3567 medio
2636 3501 2883 3580 reliquit.

469 3589 633 3650 Dicit
677 3591 870 3649 enim:
937 3609 1117 3667 quum
1165 3591 1435 3650 Acrisius
1481 3593 1540 3650 in
1588 3592 1822 3651 duabus
1865 3591 2088 3650 fabulis
2133 3590 2365 3668 egerit,
2422 3591 2562 3651 fieri
2607 3588 2884 3670 potuisse,

466 3681 544 3737 ut
578 3692 689 3753 pro
736 3671 990 3744 Acrisio,
1036 3691 1154 3749 quo
1197 3675 1353 3736 haec
1397 3675 1710 3752 tragoedia
1755 3674 1994 3736 facilius
2039 3695 2073 3733 a
2112 3672 2451 3736 Larissaeis
2492 3675 2884 3752 distinguere-

465 3767 594 3834 tur,
652 3757 833 3820 etiam
882 3754 1129 3816 Danaes
1184 3777 1405 3818 nomen
1463 3759 1897 3819 acl-citandam
1951 3760 2216 3819 fabulam
2277 3760 2703 3821 adhiberetur:
2760 3773 2885 3816 nam

465 3841 725 3904 Danaen
780 3845 914 3902 sine
970 3841 1157 3901 dubio
1211 3841 1374 3902 idem
1435 3852 1851 3923 argumentum
1899 3846 2274 3926 complexum
2322 3865 2460 3905 csse
2504 3856 2685 3925 atque
2730 3839 2883 3900 Acri·

465 3931 635 3988 sium.
725 3927 995 4006 Cogitari
1053 3934 1257 3987 tamen
1304 3947 1518 4008 posse,
1579 3929 1948 4010 Sophoclem
2006 3931 2126 3992 hoc
2181 3938 2537 4009 argumento
2596 3931 2775 3990 etiam
2828 3923 2883 3981 in

465 4012 740 4074 dramate
799 4013 1061 4092 satyrico
1121 4033 1292 4074 usum
1359 4035 1517 4076 esse.
1609 4017 1777 4092 Quae
1831 4016 2139 4076 Welckeri
2209 4016 2515 4075 sententia
2582 4033 2655 4074 ex
2720 4014 2883 4090 parte

464 4106 694 4159 tantum
741 4096 983 4176 probari
1030 4107 1255 4178 potest.
1345 4101 1496 4160 Nam
1543 4108 1612 4160 ut
1654 4101 2109 4162 concedendum
2156 4103 2259 4170 sit,
2318 4099 2612 4161 Acrisium
2656 4109 2721 4158 et
2760 4091 2880 4155 Da·

463 4202 621 4268 ’taen
666 4183 918 4243 eandem
966 4185 1240 4263 potuisse
1287 4185 1549 4246 fabulam
1598 4207 1737 4248 esse
1782 4207 1853 4247 ac
1897 4187 2163 4246 fortasse
2218 4205 2287 4245 rc
2340 4205 2482 4246 iera
2536 4185 2729 4245 fuisse
2778 4175 2881 4259 (cf-

467 4268 704 4334 Danaes
747 4267 896 4348 fgm.
928 4268 1020 4344 1.),
1065 4275 1270 4330 tamen
1317 4291 1431 4346 nec
1475 4290 1586 4350 pro
1634 4277 1793 4334 certo
1838 4271 2147 4334 affirmare
2186 4268 2397 4344 ausim,
2446 4269 2702 4330 Danaen
2728 4265 2881 4348 idem

463 4361 881 4436 argumentum
929 4353 1304 4413 continuisse
1348 4363 1531 4432 atquc
1580 4353 1899 4430 Acrisium,
1944 4375 2060 4416 nec
2104 4353 2363 4434 cuipiam
2409 4354 2683 4424 credam,
2726 4349 2879 4409 idem

460 4437 732 4499 dramate
777 4439 1042 4517 satyrico
1089 4438 1344 4517 exprimi
1399 4439 1692 4517 potuisse.
1782 4440 2001 4500 Nonne
2055 4459 2199 4499 vero
2254 4439 2314 4499 in
2376 4437 2591 4499 Danae
2641 4437 2742 4496 illa
2794 4430 2877 4490 hi-

457 4523 665 4596 storia,
710 4543 884 4601 quam
933 4523 1273 4602 Aeschylus
1317 4523 1376 4583 in
1415 4523 1764 4603 Polydecte,
1810 4524 2137 4605 Euripides
2188 4525 2247 4584 in
2276 4521 2494 4605 Dictys
2536 4531 2877 4601 repraesen-

453 4605 622 4682 tavit,
665 4621 1022 4684 quamquam
1068 4607 1248 4686 longe
1295 4609 1408 4669 alia
1451 4610 1711 4683 ratione,
1756 4617 2015 4670 tractata
2046 4601 2201 4682 jesse
2253 4609 2491 4688 potnit?
2556 4606 2639 4668 cf.
2678 4599 2877 4678 Eurip-
