3092 5200
384 373 431 446 2
446 375 473 446 1
488 373 539 445 6
1444 370 1765 450 Sophoclis
1867 367 1877 380 ’

1084 593 2142 682 ΑΛΚΜΑΙΩΝ.

558 802 753 876 Quum
798 799 861 858 in
904 797 1288 878 paucissimis
1332 818 1486 877 quae
1542 802 1871 876 supersunt
1907 795 2104 855 ¹huius
2151 793 2404 854 fabulae
2464 793 2830 872 fragmentis

387 885 539 947 nihil
583 867 941 957 inveniatur,
1000 887 1075 942 e'x
1118 901 1239 960 quo
1282 883 1416 944 eius
1471 891 1888 962 argumentum
1949 879 2230 940 concludi
2287 880 2515 959 possit,
2579 879 2828 938 omnino

384 971 464 1030 de
508 990 585 1030 eo
630 969 849 1030 incerti
895 986 1203 1041 essemus,
1268 969 1385 1027 nisi
1447 969 1608 1028 inter
1663 967 1988 1045 Sophoclis
2047 964 2334 1042 reliquias
2392 965 2528 1024 sine
2583 963 2831 1024 fabulae
3069 926 3092 1043 J

385 1055 631 1114 nomine
684 1060 955 1113 servatas
1008 1071 1221 1113 versus
1288 1053 1528 1131 quidam
1587 1051 1774 1130 (fgm.
1819 1051 1884 1127 1)
1937 1049 2472 1120 circumferretur,
2536 1049 2640 1125 qui
2697 1056 2833 1108 tan-
3074 1079 3092 1143 ¹·

382 1136 702 1200 tummodo
746 1137 822 1196 ad
878 1137 1311 1198 Alcmaeonem
1366 1137 1739 1216 pertinuisse
1795 1142 2020 1213 potest.
2121 1134 2418 1194 Similiter
2469 1133 2634 1192 enim
2694 1133 2834 1192 Ari-

382 1224 641 1284 stoteles
686 1223 899 1298 (Rhet.
946 1221 1017 1294 ll,
1060 1217 1165 1292 23,
1210 1217 1301 1297 2.)
1347 1243 1383 1282 e
1426 1221 1828 1280 'l'heodectae
1882 1219 2252 1280 Alcmaeone
2353 1216 2437 1277 cf.
2479 1216 2834 1278 Theodect-

382 1309 579 1368 Alcm.
634 1305 783 1386 fgm.
841 1306 940 1366 lll.
1001 1305 1175 1366 Poet.
1230 1313 1384 1384 trag.
1446 1305 1687 1384 Fragm.
1745 1303 1882 1366 Vol.
1949 1303 2048 1362 ΙΙΙ.
2109 1323 2167 1382 p.
2231 1298 2305 1362 ll
2358 1305 2404 1380 .)
2460 1302 2834 1380 colloquium

298 1431 307 1440 ›
382 1390 770 1452 Alcmaeonis
815 1409 953 1452 cum
1001 1389 1413 1468 Alphesiboea
1454 1391 1729 1450 habitum
1777 1389 2068 1460 servavit,
2127 1394 2193 1448 et
2233 1387 2548 1448 Achaeum
2593 1386 2838 1466 pariter

384 1479 566 1554 at‘que
612 1475 1097 1536 chaeremonem
1140 1474 1487 1553 tragoedias
1531 1473 1987 1554 Alphesiboeae
2031 1471 2276 1532 nomine
2320 1473 2646 1550 inscriptas
2701 1477 2727 1548 (
2743 1471 2833 1530 cf.
2887 1537 2897 1549 ἱ

382 1558 559 1620 Poet.
592 1567 745 1636 trag.
779 1559 1020 1640 Fragm.
1052 1557 1189 1621 Vol.
1226 1558 1320 1619 lll.
1364 1578 1424 1638 p.
1468 1554 1573 1620 58.
1628 1555 1800 1630 117.)
1839 1557 2259 1635 composuisse
2303 1557 2552 1616 scimus.
2618 1556 2836 1634 ltaque

385 1643 757 1720 Sophoclem
802 1641 863 1702 in
910 1643 1029 1702 hoc
1074 1642 1348 1704 dramate
1392 1662 1525 1703 eam
1575 1643 1889 1702 historiam
1948 1641 2069 1700 sihi
2126 1640 2393 1716 elegisse
2447 1641 2832 1706 tractandam

384 1728 699 1806 probabile
746 1733 873 1800 est,
919 1747 1097 1806 quam
1142 1729 1415 1788 novimus
1460 1746 1534 1787 ex
1579 1727 1778 1786 Thuc.
1827 1726 1908 1798 ll,
1971 1721 2108 1784 102.
2157 1725 2331 1786 Paos.
2381 1724 2556 1798 Vlll,
2613 1721 2718 1799 24,
2763 1722 2834 1784 4.

383 1811 665 1890 Apollod.
712 1811 828 1884 111,
874 1809 947 1885 7,
1003 1808 1047 1871 5
1092 1813 1181 1891 (in
1228 1813 1574 1872 nominibus
1618 1811 1862 1890 quidem
1907 1810 2450 1883 dissentientibus,
2505 1824 2576 1869 re
2621 1815 2834 1870 autem

383 1895 935 1974 convenientibus.)
1023 1897 1311 1957 Alcmaeo
1368 1897 1566 1965 enim,
1632 1915 1814 1974 quum
1861 1897 1936 1953 ob
1982 1894 2192 1953 matris
2238 1895 2490 1954 caedem
2537 1913 2574 1952 a
2617 1894 2831 1954 Furiis

383 1981 645 2060 agitatus
692 1983 887 2060 Argos
930 1980 1313 2059 reliquisset,
1360 1979 1730 2060 Psophidem
1778 1979 1976 2052 venit,
2020 1980 2122 2038 ubi
2167 1997 2202 2037 a
2246 1977 2495 2056 Phegeu
2539 1997 2690 2058 rege
2735 1980 2830 2038 lu·
3077 1882 3088 2065 ι

382 2071 612 2126 stratus
658 2065 789 2133 eius
830 2065 1019 2126 filiam
1063 2066 1541 2144 Alphesiboeam
1599 2065 1943 2142 (Arsinoam
2001 2061 2158 2141 apud
2217 2061 2530 2140 Apollod.)
2575 2081 2832 2127 uxorem

382 2149 556 2210 duxit
605 2150 791 2227 eique
844 2150 1069 2210 monile
1122 2150 1275 2211 illud
1328 2150 1550 2224 fatale,
1619 2149 1778 2227 quod
1845 2148 1964 2208 iam
2035 2148 2390 2227 parentibus
2447 2149 2576 2208 suis
2635 2147 2832 2212 exitio

382 2233 615 2304 fuerat,
660 2234 821 2294 dono
865 2234 1057 2294 dedit.
1124 2233 1251 2294 Sed
1295 2253 1475 2312 quum
1522 2253 1602 2294 ne
1648 2234 1730 2292 ibi
1775 2232 2020 2310 quidem
2067 2250 2104 2289 a
2147 2232 2362 2291 morbo
2407 2251 2624 2308 porsus
2669 2232 2830 2293 libe-

382 2323 641 2390 raretur,
686 2317 959 2394 Delphos
1002 2335 1071 2376 se
1116 2319 1375 2378 contulit
1402 2315 2002 2396 Apollinemquede.
2027 2317 2298 2379 insaniae
2341 2317 2634 2378 remediis
2677 2335 2829 2376 con-

382 2399 587 2460 suluit.
675 2402 729 2461 A
758 2419 879 2478 quo
910 2417 1270 2479 responsam
1314 2403 1475 2474 tulit,
1519 2420 1590 2460 se
1633 2401 1695 2460 in
1743 2420 1816 2460 ea
1858 2408 2063 2460 terrae
2109 2403 2284 2479 parte
2329 2421 2364 2460 a
2407 2401 2622 2460 morbo
2667 2401 2828 2460 libe·
3076 2396 3088 2646 ξ

381 2493 577 2543 ratum
623 2483 719 2556 iri,
764 2503 939 2561 quae,
986 2485 1125 2542 dum
1172 2487 1375 2546 scelus
1412 2491 1797 2563 apati-aretur,
1855 2485 2117 2543 nondum
2175 2485 2384 2544 fuerit.
2486 2485 2576 2546 Ad
2621 2485 2828 2549 Ache-

382 2569 545 2629 loum
605 2567 791 2647 igitur
842 2570 1180 2641 cotncessit,
1258 2590 1293 2629 a
1346 2589 1470 2647 quo
1524 2571 1750 2629 iterum
1818 2568 2113 2629 lustratus
2170 2570 2232 2628 in
2292 2567 2422 2630 solo
2479 2589 2510 2629 a
2571 2569 2830 2631 flumine

381 2660 637 2731 aggesto
682 2654 895 2713 urbem
942 2653 1216 2714 condidit
1259 2662 1324 2714 et
1355 2655 1610 2714 Acheloi
1643 2654 1830 2712 liliam
1865 2654 2246 2714 Callirrhoen
2281 2655 2338 2713 in
2371 2654 2826 2714 matrimonium

382 2735 571 2797 duxit.
658 2737 753 2797 Ex
798 2758 915 2816 qua
958 2738 1119 2797 lilios
1164 2740 1542 2799 Acarnanum
1591 2748 1654 2799 et
1685 2740 2126 2816 Amphoterum
2173 2740 2428 2816 accepit.
2475 2738 2830 2821 Callirrhoe

381 2828 609 2895 autem,
654 2842 837 2900 quum
884 2824 1277 2901 cupidissime
1321 2823 1550 2884 monile
1591 2822 1740 2881 illud
1785 2842 2034 2882 aureum
2081 2832 2434 2901 expeteret,
2503 2824 2828 2883 Alcmaeo·

378 2926 522 2966 nem
553 2908 901 2980 commovit,
944 2914 1011 2966 ut
1043 2907 1415 2985 Psophidem
1442 2909 1666 2969 iterum
1699 2926 1772 2967 se
1801 2908 2116 2968 conferret
2143 2915 2208 2966 et
2235 2914 2513 2984 torquem
2538 2926 2830 2986 reposce-

377 2998 495 3050 ret.
585 2991 701 3065 Qui
745 3010 929 3068 quum
976 2990 1219 3051 advenit
1264 2992 1511 3071 Phegeo
1569 2992 1903 3069 persuasit,
1970 2990 2254 3050 vaticinio
2309 3010 2450 3051 esse
2505 2992 2825 3051 renuncia-

379 3082 530 3145 tum,
576 3092 647 3133 se
688 3074 899 3133 furore
944 3086 1069 3134 tum
1115 3075 1435 3145 liberatum
1482 3077 1580 3147 iri,
1627 3096 1810 3153 quum
1857 3077 2080 3135 monile
2121 3075 2396 3153 Delphos
2439 3074 2710 3137 delatum
2755 3084 2830 3136 et

378 3158 626 3237 peplum
676 3159 937 3238 Apollini
982 3159 1373 3220 dedicaverit.
1464 3161 1573 3220 llle
1617 3160 1973 3221 Alcmaeoni
2017 3158 2280 3219 confisus
2325 3160 2520 3219 dedit.
2619 3162 2826 3236 Quum
2921 3230 2928 3233 ,

376 3260 523 3301 vero
569 3262 604 3301 a
648 3244 875 3303 famulo
920 3246 1265 3307 nunciatum
1314 3252 1517 3318 esset,
1566 3244 1994 3304 Alcmaeonem
2041 3264 2114 3303 ea
2151 3244 2503 3303 (Tallirhoae
2561 3244 2826 3304 traditu·
3083 3193 3092 3318 Ι

376 3346 541 3399 rum,
602 3347 636 3386 a
683 3327 916 3406 Phegei
962 3329 1133 3403 filiis,
1202 3328 1479 3389 Temeno
1536 3336 1601 3388 et
1658 3329 1917 3401 Axione,
1999 3328 2190 3407 patris
2233 3328 2398 3387 iussu
2447 3329 2826 3389 circumven-

377 3419 475 3470 tus
521 3432 559 3471 e
604 3412 805 3471 medio
850 3412 1100 3475 tollitur.
1190 3414 1664 3492 Alphesiboeam
1725 3420 1926 3472 autem
1973 3412 2034 3471 id
2093 3413 2328 3471 facinus
2371 3414 2824 3490 improbantem

374 3494 601 3554 fratres
646 3497 707 3553 in
753 3514 951 3557 arcam
1011 3498 1432 3568 coniecerunt,
1504 3496 1841 3560 contectam
1899 3496 2170 3574 Tegeam
2229 3504 2700 3559 transvexerunt
2755 3506 2826 3559 et

376 3576 723 3652 Agapenori
766 3578 1178 3650 tradiderunt,
1233 3581 1664 3639 Alcmaeonem
1722 3582 1797 3639 ab
1853 3598 1926 3641 ea
1983 3581 2376 3641 interfectum
2433 3601 2578 3643 esse
2633 3584 2820 3645 simu-

372 3658 591 3725 lantes.
680 3660 773 3719 Ad
830 3670 1103 3729 extrema
1157 3670 1439 3739 spectant
1496 3665 1714 3741 Hygin.
1777 3664 1896 3721 l'ab.
1947 3664 2234 3725 cchv.
2273 3652 2458 3727 ‘os-id.
2508 3667 2664 3729 Met.
2711 3668 2817 3731 lx.

372 3736 517 3803 407.
568 3740 747 3822 Prop.
794 3742 837 3818 1,
889 3740 987 3817 15,
1038 3740 1135 3804 15.

632 3862 1099 3957 Alphesiboea
1152 3886 1311 3936 suos
1362 3866 1509 3938 ulta
1564 3874 1668 3938 est
1707 3890 1846 3961 pro
1901 3818 2188 3963 coniuqe
2232 3874 2501 3963 fratres

633 3964 1004 4061 San-quinis
1056 3974 1125 4043 et
1177 3973 1333 4040 cart·
1380 3970 1653 4041 oiuotda
1705 3975 1892 4065 rupit
1941 3994 2159 4079 amor.

372 4099 467 4161 Ad
526 4101 782 4160 eandem
836 4102 1154 4163 historiam
1210 4124 1391 4181 quum
1448 4106 1830 4167 Attianarum
1885 4105 2260 4180 fabularum,
2331 4105 2706 4169 Alc-maeonis
2751 4118 2822 4171 et

367 4180 813 4260 Alphesiboeae,
860 4186 1050 4264 (inter
1078 4206 1147 4247 se
1175 4189 1270 4247 vix
1302 4189 1707 4263 diversarum)
1741 4192 2082 4269 fragmenta
2111 4192 2479 4269 pertineant,
2523 4192 2822 4255 Welcker

367 4266 605 4327 Attium
648 4268 971 4347 Sophoclis
1016 4272 1359 4350 exemplum
1407 4285 1687 4335 secutum
1735 4294 1876 4337 esse
1919 4282 2166 4348 censet,
2221 4276 2585 4355 praesertim
2629 4298 2818 4355 quum

368 4350 652 4411 Attianae
720 4352 1107 4423 Alcmaeonis
1174 4356 1324 4433 fgm.
1389 4353 1432 4416 6
1499 4376 1635 4419 cum
1703 4356 1982 4421 versibus
2053 4360 2414 4439 quibusdam
2483 4360 2816 4439 Sophoclis

365 4432 541 4511 (fgm.
574 4430 743 4510 795.)
788 4436 1176 4515 conspirent,
1232 4439 1336 4515 qui
1383 4447 1614 4501 certam
1659 4444 1870 4504 sedem
1919 4443 2182 4503 nondum
2228 4444 2496 4505 habeant
2540 4452 2605 4504 et
2650 4445 2814 4509 hanc

363 4518 561 4595 ipsam
604 4520 684 4578 ob
732 4537 972 4588 causam
1018 4520 1093 4580 ad
1140 4523 1570 4585 Alcmaeonem
1621 4526 1936 4588 referendi
1978 4528 2121 4592 sint.
2211 4528 2333 4588 Sed
2367 4528 2668 4589 eiusmodi
2713 4550 2810 4589 ra-

362 4600 593 4662 tionem
650 4622 788 4663 cum
854 4605 917 4665 in
974 4606 1317 4667 universum
1381 4606 1701 4669 admodum
1761 4611 2054 4673 incertam
2125 4630 2268 4673 esse
2323 4612 2683 4693 Ladewigus
2739 4614 2804 4675 in
