3092 5200
444 394 486 464 '2¹
495 395 544 463 0
1523 385 1805 466 Aeschyli
1852 357 1863 363 “

442 603 548 661 sut
589 595 693 658 iun
734 593 986 666 ποταμὸν
1029 590 1437 650 διαπέπλευκεν
1487 590 1588 649 vel
1633 609 1708 651 ex
1750 589 2023 668 margine
2064 589 2163 650 vel
2206 590 2369 669 quod
2412 608 2597 670 supra
2620 609 2883 652 ¹versum

442 679 748 758 adscripta
789 677 1074 749 fuissent,
1121 676 1270 736 locis
1315 693 1436 734 non
1480 675 1607 735 suis
1652 685 1816 736 esse·
1836 675 2099 747 inserta;
2140 673 2367 736 deinde
2397 673 2539 750 ἤτοι,
2582 673 2619 749 ἢ
2645 675 2884 738 ‚indicio

441 783 602 838 esse,
649 782 768 824 non
811 760 978 840 quod
1007 761 1375 822 ‘vocabulum
1429 760 1492 818 in
1549 759 1752 839 capite
1806 759 2048 838 glossae
2098 759 2375 840 posuerit
2416 759 2709 833 Photius,
2764 762 2884 824 sed

439 849 616 922 illud,
677 846 840 926 qaod
883 845 1204 925 scriptoris
1249 845 1324 905 ab
1371 863 1447 906 eo
1491 843 2107 917 commemoratisit,
2162 844 2488 925 explicet-h
2560 852 2883 924 postremo

358 947 366 952 ’
437 931 692 994 ὀκτῶπαν
742 938 811 992 et
863 931 1115 994 ὀκτώκας
1168 928 1417 990 indocto
1472 929 1722 988 librario
1793 928 2042 1002 deberi,
2112 929 2215 1012 qui
2284 949 2469 1007 quum
2522 930 2587 992 in
2640 931 2881 1006 codice,

438 1037 622 1096 quem
677 1022 818 1076 ante
873 1017 1086 1076 oculos
1139 1014 1452 1088 habuerit,
1507 1014 1805 1092 scriptum
1862 1012 2083 1072 viderit
2124 1012 2413 1074 ὄκτώπουν
2470 1021 2539 1076 et
2576 1014 2883 1088 ὀκτῶπους,

439 1101 690 1179 utrique
735 1107 937 1161 autem
980 1100 1114 1159 voci
1161 1119 1342 1178 supra
1387 1100 1695 1180 appictum
1742 1116 1883 1157 esse
1928 1121 1984 1171 α,
2028 1097 2149 1156 hoc
2180 1123 2219 1156 α
2264 1115 2405 1173 non,
2450 1098 2540 1158 uti
2570 1097 2880 1174 debuerit,
2944 1165 2959 1171 ,

439 1185 698 1255 mediae,
743 1185 853 1244 sed
898 1186 1148 1244 ultimae
1193 1184 1462 1262 syllabae
1508 1183 1952 1244 correctionem
2001 1201 2141 1243 esse
2186 1182 2537 1244 crediderit.
2609 1183 2725 1242 His
2769 1203 2879 1262 po·

437 1271 573 1328 sitis
629 1268 1007 1329 emendavit:
1079 1271 1332 1342 ποταμὸν
1387 1272 1789 1328 διαπέπλευκεν
1832 1267 2139 1340 ὀκτάπους,
2204 1266 2319 1326 sed
2374 1267 2637 1327 dubitari
2695 1267 2877 1329 simul

435 1371 623 1433 posse
669 1353 923 1424 monuit,
965 1359 1168 1413 utrum
1215 1355 1370 1414 haec
1413 1355 1600 1412 verba
1642 1352 1935 1430 Aeschyli
1978 1370 2053 1409 an
2084 1349 2460 1412 Philemonis
2491 1351 2718 1412 nomini
2750 1355 2880 1414 sint

353 1435 362 1446 '
437 1438 798 1499 adiicienda.
886 1437 970 1497 Et
1026 1457 1208 1515 quum
1264 1440 1400 1518 ipse
1471 1457 1543 1498 ea
1612 1438 1814 1515 potius
1870 1435 2225 1518 comoediae
2282 1453 2458 1514 quam
2518 1436 2877 1515 tragoediae

437 1523 760 1583 convenire
783 1523 1204 1596 existimaret,
1247 1524 1311 1582 in
1355 1523 1518 1582 hune
1564 1521 1805 1580 modum
1854 1519 2061 1580 Photii
2114 1521 2349 1600 glossas
2406 1539 2547 1581 esse
2600 1521 2877 1583 redinte-

435 1605 694 1686 grandus
751 1607 1049 1667 coniecit:
1119 1610 1150 1666 ὀ
1165 1633 1200 1666 κ
1211 1633 1241 1668 τ
1253 1607 1295 1666 ὥ
1306 1629 1348 1665 π
1361 1631 1396 1679 η
1412 1629 1442 1679 z
1455 1632 1492 1666 υ
1507 1629 1534 1670 ς
1592 1611 1685 1664 καὶ
1738 1608 1769 1665 ὀ
1784 1631 1815 1662 κ
1828 1630 1857 1663 τ
1872 1603 1915 1664 ὦ
1928 1628 1968 1662 π
1982 1629 2013 1664 o
2028 1629 2065 1663 υ
2078 1627 2119 1670 c.
2208 1606 2473 1678 Αἰσχύλος
2520 1615 2874 1672 Νεανίσκοις.

435 1690 696 1764 Φιλήμων
738 1691 768 1750 ὅ
789 1717 818 1748 κ
832 1715 862 1748 τ
876 1691 913 1750 ἁ
925 1717 966 1749 π
979 1715 1008 1751 o
1025 1716 1061 1750 υ
1075 1715 1124 1749 ν.
1205 1693 1493 1764 »ποταμὸν
1535 1693 1939 1749 διαπέπλευκεν
1978 1687 2258 1755 ὀκτάπονς
2272 1712 2284 1724 ·
2298 1696 2334 1723 “
2376 1689 2501 1763 ἤτοι.
2542 1691 2573 1750 ὃ
2608 1700 2879 1765 σκορπίος

313 1797 320 1806 ·
435 1775 466 1834 ὃ
509 1775 808 1848 barcinone,
851 1774 887 1848 ἢ
933 1779 964 1835 ὁ
1011 1778 1222 1849 μακρὸς
1249 1778 1390 1837 ὀκτὼ
1415 1779 1617 1834 ποδῶν.
1674 1776 2157 1851 incertumesse
2203 1773 2436 1848 dicens,
2482 1777 2877 1854 scorpiumne

435 1879 508 1918 an
555 1879 838 1920 cancrum
882 1861 991 1936 (cf.
1043 1861 1325 1922 Nicandr.
1373 1859 1567 1920 Ther.
1610 1855 1789 1940 605.)
1844 1859 1907 1918 in
1952 1867 2159 1920 mente
2204 1859 2489 1919 habuerit
2528 1860 2692 1920 illius
2734 1879 2875 1921 ver·

433 1943 609 2003 siculi
655 1953 883 2003 auctor.
972 1946 1142 2005 Haec
1187 1946 1591 2004 Hermannus.
1630 1973 1723 1988 ·—-
1764 1942 2009 2003 *Butler
2050 1943 2222 2003 dedit
2252 1943 2573 2002 Ὀκτῶπαν·
2618 1947 2875 2019 ποταμὸν

433 2029 858 2105 (διαπέπλευκε)
913 2037 1058 2102 Alex.
1119 2039 1191 2092 N.
1245 2029 1495 2090 verbum
1552 2032 1921 2087 διαπέπλευκε
1976 2049 2011 2086 a
2069 2027 2291 2088 Photio
2357 2027 2661 2088 adiectum
2726 2047 2873 2089 esse

433 2113 781 2184 arbitratae,
827 2132 946 2190 quo
991 2115 1380 2185 ostenderet,
1427 2113 1588 2173 unde
1635 2113 1935 2191 penderet
1978 2131 2153 2172 casus
2198 2113 2498 2190 obliquus.
2544 2147 2625 2157 —
2692 2115 2871 2174 Frie-

431 2196 630 2256 belius
689 2198 1042 2276 (Satyrogr.
1087 2199 1301 2276 fragm.
1349 2219 1406 2275 p.
1461 2193 1629 2272 137.)
1684 2197 2033 2274 proposuit:
2094 2196 2379 2264 Ὀκνῶπαν
2433 2197 2714 2271 ποταμόν·
2780 2205 2867 2258 Αἰ-

432 2279 622 2352 σχύλος
666 2283 745 2338 δι’
789 2306 824 2338 α
867 2285 1115 2340 πέπλακε
1163 2289 1526 2344 Νεανίσκοις·
1564 2279 1875 2344 ’On-eninm·
1918 2279 2044 2352 ἤτοι
2086 2281 2117 2340 ὁ
2162 2291 2465 2354 σκορπίος.“
2506 2299 2866 2360 quamquam

431 2366 568 2442 ipse
628 2371 882 2443 propter
939 2365 1269 2425 liet-manni
1328 2365 1801 2444 disputationem
1860 2363 1939 2423 de
1994 2365 2109 2424 hac
2167 2365 2362 2425 forma
2430 2366 2732 2426 dubitans.
2786 2401 2863 2411 -—

431 2447 589 2508 Mihi
637 2467 836 2527 neque
879 2449 1035 2508 haec
1079 2469 1278 2526 neque
1322 2468 1477 2528 quae
1521 2448 1904 2508 normannus
1950 2442 2305 2528 disputavit,
2360 2452 2435 2509 ab
2482 2453 2645 2511 omni
2689 2458 2865 2530 parte

423 2533 842 2593 satisfaciunt:
887 2533 1022 2612 ipse
1066 2539 1270 2592 tamen
1318 2533 1573 2593 meliora
1615 2551 1733 2591 non
1779 2533 1999 2608 habeo,
2050 2553 2207 2613 quae
2250 2536 2579 2615 proferam.
2636 2536 2867 2596 Nescio

429 2626 656 2691 tamen,
703 2637 776 2676 an
823 2619 1186 2695 simpliciter
1219 2617 1641 2697 corrigendum
1666 2618 2036 2679 Ὀκτώπαν
2078 2620 2400 2693 ποταμόν
2442 2626 2865 2681 διαπέπλευ-

429 2698 566 2761 κεν.
655 2701 918 2773 Αἰσχύλος
965 2712 1316 2766 Νεανίσκοις.
1405 2710 1470 2760 et
1513 2702 1882 2762 credendum
1930 2704 2041 2777 sit,
2100 2724 2135 2761 a
2192 2712 2377 2782 poeta
2432 2706 2675 2765 allatum
2722 2724 2865 2765 esse

427 2786 673 2865 fluvium
733 2786 975 2846 aliunde
1041 2787 1216 2845 nobis
1273 2805 1390 2845 non
1449 2788 1777 2863 cognitum.
1870 2787 2081 2865 Neque
2147 2789 2267 2849 hoc
2332 2788 2657 2849 offensioni
2720 2809 2863 2851 esse

415 2864 638 2942 debet,
683 2890 864 2947 quum
907 2872 1246 2947 Aeschylus
1292 2870 1533 2949 saepius
1580 2872 1763 2929 urbes
1794 2872 2128 2949 fluviosque
2164 2874 2728 2935 commemoraverit
2761 2894 2862 2935 ce·

427 2952 709 3091 :leroquin
768 2954 1026 3031 ignotos.
1114 2955 1193 3014 cf.
1253 2954 1398 3032 fgm.
1455 2950 1560 3023 82.
1610 2951 1713 3015 97.
1774 2953 1915 3016 141.
1968 2954 2114 3017 349.
2204 2956 2465 3020 Videant
2508 2958 2586 3019 de
2629 2958 2747 3019 hac
2790 2972 2881 3019 ιε’

470 3036 756 3095 octiores.

407 3358 472 3389 ,ο
591 3322 977 3393 Hermannus
1023 3326 1142 3388 huc
1189 3333 1504 3405 praeterea
1552 3328 1941 3389 referendum
1990 3348 2130 3387 esse
2174 3336 2389 3389 censet
2436 3328 2577 3408 lgm.
2622 3324 2770 3389 291.

1021 3864 1032 3875 '
1066 3888 1090 3907 ··
1141 3852 1219 3926 ,Ν
1365 3854 1426 3917 E
1577 3856 1660 3921 M
1812 3858 1874 3921 E
2024 3863 2107 3929 A„

585 4029 742 4107 Quid
799 4030 860 4089 in
919 4031 1034 4093 hac
1087 4032 1322 4108 fabula,
1381 4036 1549 4099 cuius
1608 4040 1725 4101 nisi
1774 4040 1833 4099 in
1881 4050 2092 4103 vetere
2136 4041 2260 4101 fab.
2308 4045 2530 4106 Aesch-
2575 4046 2855 4125 >catalogo

417 4116 648 4180 mentio
693 4133 811 4175 non
858 4122 956 4176 est
999 4117 1180 4203 facta,
1223 4126 1408 4196 poeta
1438 4126 2009 4201 repraesentaverit,
2056 4126 2231 4205 plane
2262 4128 2630 4204 ignoramus.
2696 4129 2853 4191 Nam

416 4218 494 4257 ne
539 4197 752 4257 titulus
797 4200 1040 4277 quidem
1089 4202 1172 4261 itu
1215 4216 1599 4283 comparatus
1645 4214 1771 4281 est,
1826 4218 1895 4268 ut
1950 4230 2025 4269 ex
2080 4230 2155 4271 eo
2215 4212 2592 4289 probabilem
2644 4214 2855 4273 conie-

416 4292 648 4343 cturam
692 4282 901 4349 facere
945 4306 1256 4363 queamus,
1349 4291 1589 4353 Falsum
1634 4312 1779 4349 vero
1827 4311 1966 4355 esse
2017 4312 2225 4355 eorum
2286 4298 2683 4366 sententiam,
2744 4297 2853 4374 qui

413 4367 569 4427 hanc
613 4366 881 4433 fabulam
927 4389 1060 4429 cum
1095 4372 1349 4451 Septem
1397 4383 1609 4435 contra
1640 4374 1891 4438 Thebas
1936 4378 1997 4437 in
2042 4377 2255 4437 eadem
2302 4382 2625 4461 tetralogia
2654 4380 2853 4445 fuisse

375 4457 790 4525 ·statuerunt,
864 4473 938 4513 ex
993 4454 1116 4516 illis
1178 4456 1524 4520 luculenter
1582 4468 1867 4541 apparet,
1940 4482 2095 4540 quae
2160 4452 2237 4523 ad
2289 4462 2499 4527 Laium
2556 4466 2851 4545 Aeschyli

324 4596 330 4605 ,
414 4531 866 4631 disputavimus.
957 4538 1366 4613 Quamobrem
1398 4544 1607 4604 'etiam
1666 4544 1989 4621 admodum
2046 4544 2295 4611 dubium
2340 4555 2467 4623 est,
2544 4552 2707 4631 quod
2766 4549 2849 4611 de

414 4636 546 4677 eius
591 4628 946 4699 argumento
991 4621 1100 4683 viri
1148 4622 1314 4690 docti
1359 4624 1721 4700 divinarunt,
1766 4628 1961 4692 latere
2008 4629 2066 4695 id
2112 4631 2173 4696 in
2218 4633 2293 4698 iis
2338 4633 2645 4711 dicentes,
2690 4654 2849 4715 quae

3082 4056 3092 4201 ι
