3092 5200
493 361 583 412 111

485 573 886 664 obstabant,
943 595 980 642 a
1037 593 1210 644 vero
1265 592 1743 666 nonnunquam
1794 571 2225 644 aberraverit
2278 581 2348 642 et
2398 575 2469 642 in
2522 527 2919 646 oeconomia

487 728 864 800 fabularum
921 725 1252 821 Aeschyli
1321 749 1406 797 ac
1458 725 1819 820 Sophoclis
1888 725 2293 820 explicanda
2364 729 2637 821 saepius
2691 737 2919 800 osten-

425 985 434 990 ·
483 883 688 992 derit,
741 881 1083 981 quomodo
1137 890 1339 976 poeta
1395 891 1859 975 argumentum
1926 881 2195 978 aliquod
2264 891 2559 980 tractare
2606 887 2917 976 potuerit,
3042 983 3044 988 Ι

489 1061 692 1132 quam
745 1037 1086 1132 quomodo
1142 1039 1462 1110 tractarit.
1574 1036 1806 1125 Quare
1854 1037 2031 1108 haud
2079 1041 2315 1132 paucis
2349 1038 2547 1128 lociS,
2599 1037 2919 1113 videlicet
3042 997 3044 1078 l

489 1215 630 1268 non
681 1171 830 1267 sine
883 1195 1294 1284 gravissima
1351 1213 1595 1280 causa,
1660 1192 1747 1264 ab
1820 1195 1969 1264 eius
2022 1195 2355 1266 sententia
2410 1195 2703 1265 recessi:
2794 1217 2917 1266 ve·
3036 1083 3045 1234 1

485 1371 633 1422 rum
689 1351 894 1420 etiam
948 1347 1061 1448 ubi
1117 1369 1266 1420 eam
1321 1346 1679 1442 amplexus
1736 1369 1881 1420 sum
1938 1350 2103 1422 satis
2156 1348 2359 1420 habui
2410 1347 2693 1438 afferre,
2751 1371 2916 1445 quae
3026 1257 3045 1584 Ι

477 1512 594 1577 aut
667 1511 860 1574 certa
927 1511 1162 1576 essent
1227 1511 1340 1572 aut
1407 1501 1847 1596 probabiliter
1898 1525 1993 1574 cx
2052 1505 2175 1591 iis,
2258 1525 2435 1598 quae
2498 1513 2689 1578 certa
2742 1514 2911 1588 sunt,

485 1667 1090 1754 consequerentur.
1185 1657 1314 1730 Ubi
1349 1679 1438 1728 ne
1475 1657 1919 1752 probabiliter
1953 1655 2221 1751 quidem
2262 1657 2605 1751 disputare
2642 1659 2905 1744 licebat,

479 1817 718 1908 paucis
771 1817 1074 1887 virorum
1129 1812 1671 1886 doctissimorum
1726 1814 2099 1886 sententias
2154 1811 2363 1884 attuli.
2420 1851 2525 1866 -——

629 1968 824 2043 Haec
877 1969 1028 2042 fere
1081 1977 1262 2058 sunt,
1315 1989 1492 2062 quae
1543 1943 2033 2062 praemittenda
2086 1989 2245 2041 esse
2298 1967 2453 2040 mihi
2510 1978 2667 2042 ante
2723 1970 2910 2042 vide-

475 2125 756 2214 bantur,
811 2145 1010 2217 quam
1062 2123 1242 2193 hunc
1292 2121 1530 2194 librum
1584 2091 1953 2216 peritorum
2004 2121 2333 2194 lectorum
2386 2120 2910 2196 benevolentiae

473 2287 676 2373 atque
731 2275 1212 2386 indulgentiae,
1268 2297 1464 2370 quam
1517 2297 1643 2348 eos
1675 2275 1836 2346 mihi
1872 2297 2011 2346 non
2046 2273 2505 2370 denegaturus
2542 2299 2702 2350 esse
2742 2301 2898 2350 con-

476 2433 650 2524 fido,
719 2435 832 2529 qui
901 2439 1018 2504 aut
1067 2431 1306 2503 similia
1362 2453 1575 2528 opera
1630 2429 1841 2502 moliti
1897 2439 2051 2502 sunt
2104 2441 2217 2502 aut
2270 2435 2525 2516 sciunt,
2590 2445 2908 2528 quantum
3007 2461 3029 2664 1

471 2594 538 2663 in
593 2591 675 2663 iis
731 2585 1188 2663 desudandum
1256 2610 1338 2659 ac
1403 2585 1847 2661 laborandum
1910 2589 2035 2679 sit,
2106 2587 2643 2661 commendatum
2714 2595 2902 2665 emit-

471 2738 706 2807 terem.

625 2932 881 3028 Scripsi
937 2932 1402 3004 Vralislaviae
1439 2918 1634 3001 'N0u.
1696 2932 1913 3025 April.
1978 2930 2429 3005 MDGGCLH.
2880 2888 2887 2897 Ι
3004 2829 3023 3154 Ι
